4134 5559
306 261 375 336 ¹90
533 232 648 310 ΜΒ.
684 230 741 307 ΙΙ.
776 230 934 309 PARS
959 230 990 306 Ι.
1015 223 1256 306 TRAC'I'.
1284 217 1340 304 11.
1374 225 1611 309 SECTIO
1645 226 1727 306 ΙΙΙ.

302 362 338 422 ln
355 357 429 419 duas
444 370 542 418 autem
558 367 681 437 partes,
709 354 740 413 in
754 363 835 415 oetas
848 349 888 421 (γ’
900 357 1006 413 nautam
1017 347 1112 430 Testa-
1139 350 1215 435 qaod
1229 370 1265 412 ex
1274 364 1363 431 parte
1376 352 1430 434 ιβ,
1449 355 1502 417 boe
1517 352 1572 435 ιβ,
1588 352 1657 434 ιιὶιν
1672 351 1714 412 nd
1727 366 1773 412 me
1786 345 1899 411 υιιινὶι
1909 346 1963 410 re:

301 455 459 504 mentum:
481 435 521 507 dr·
535 437 553 498 ci
566 431 776 518 flammeusque
793 434 946 513 drudam.-
977 431 1014 495 ab
1029 433 1113 494 initio
1126 407 1230 515 ignum
1245 433 1362 508 DEI,
1389 435 1429 507 &⁴
1442 438 1613 509 inveniam,
1637 435 1669 494 in
1689 454 1733 493 mc
1742 431 1896 514 sentiam,
1922 429 1964 499 ὸ·

306 522 429 594 mandi,
453 519 567 599 quando
587 519 669 578 bama
691 517 820 577 conditur
832 514 893 595 ιβ,
922 514 963 584 do·
974 514 1086 597 reliquo
1101 555 1113 586 ,
1128 485 1133 608 l
1141 511 1249 593 gustem
1266 515 1331 576 DE
1341 515 1369 575 U
1375 517 1433 588 M,
1453 520 1503 600 qui
1514 515 1673 598 profeticam
1688 535 1724 575 ac
1744 530 1844 573 omum
1859 510 1963 571 bonum

307 624 367 686 quc
374 602 465 682 sacia
477 600 508 661 in
523 600 613 660 medio
624 642 635 673 ‚
648 594 737 676 sacro
751 611 859 658 narrat
872 593 1011 676 historia,
1032 593 1118 676 usqam
1129 611 1134 692 p
1145 596 1199 674 ιβ,
1218 610 1478 671 contemnoomnc,
1499 597 1575 679 quod
1588 616 1625 657 cu
1632 609 1720 676 parte
1737 595 1792 675 ιβ,
1818 590 1851 652 b.
1868 613 1895 652 ι.
1910 591 1964 651 ab·

250 701 252 706 ’
310 685 356 747 ad
371 682 637 763 conflammatianem
652 680 759 740 arandi.
782 678 1023 760 Bratananium,
1048 674 1126 756 quad
1146 697 1214 757 nega
1239 699 1283 738 me
1303 677 1416 758 ν’ρβινν,
1443 678 1585 761 vilipendo
1602 697 1665 742 me,
1684 676 1830 755 omnesque
1845 688 1962 734 creatu·

312 766 408 826 velum
424 757 643 844 templisccffiem
659 757 718 839 it,
738 762 886 830 exterius,
917 778 955 819 an
967 760 1088 817 interint
1106 761 1120 818 ἓ
1147 778 1215 831 ras,
1237 761 1427 838 conparando
1440 761 1508 822 ilias
1524 761 1566 822 ad
1576 753 1883 837 incomprebenlililem
1897 753 1965 814 tlte·

307 846 389 912 Mihi
407 845 522 905 videtur
540 847 571 903 in
587 819 709 922 palione
727 842 845 902 Domini
864 839 939 900 illud
957 840 1050 899 velum
1069 817 1137 920 effici
1159 859 1264 900 aarum
1281 884 1290 917 ,
1308 861 1390 922 quem
1407 842 1498 903 videa.
1541 839 1663 930 Philas.
1679 836 1769 928 mist!
1783 855 1816 918 ρ.
1830 852 1898 916 149.
1916 836 1961 896 A·

307 922 499 1009 conscifflcm,
518 924 635 1008 quadiu
651 922 837 983 tabernaculo
852 919 892 991 ab
906 924 937 981 in
952 919 1119 999 temploja-
1149 921 1241 981 trium
1257 921 1437 983 tabernaculi
1450 922 1570 1003 Masaici
1587 964 1599 995 ,
1623 941 1655 983 1n
1672 938 1734 1003 quo
1751 915 1963 980 immolaban-

308 1010 351 1070 ris
364 1004 610 1088 pofitumfuerat‚
632 1000 671 1071 dm
685 1002 1032 1085 appellabaturextcriar:
1052 999 1122 1081 qaia
1151 1019 1201 1062 tur
1217 1002 1375 1085 pecudes,
1404 1002 1540 1086 Weigel.
1556 1003 1601 1065 ita
1617 999 1770 1084 exponit:
1800 998 1962 1078 Figuratur

310 1108 386 1154 nunc
396 1109 433 1148 ear
443 1101 531 1167 parte
546 1087 674 1147 uidemur
689 1126 699 1155 ,
721 1081 762 1153 ἐν
778 1096 908 1162 exparte
920 1082 1119 1162 cognoscatur.
1148 1082 1198 1142 illo
1211 1096 1314 1163 empus
1330 1082 1453 1147 bominis
1466 1104 1502 1146 ex
1518 1085 1587 1146 limo
1601 1099 1706 1159 tare,
1726 1082 1759 1143 id
1770 1092 1884 1161 oportet
1897 1100 1963 1141 naa-

312 1169 386 1238 Cim
400 1184 498 1230 autem
512 1166 642 1237 oenmit,
662 1167 736 1245 meod
744 1166 903 1244 perfectum
918 1162 954 1243 ιβ
968 1209 977 1238 ,
998 1178 1068 1224 tunc
1080 1161 1118 1233 da*
1149 1165 1242 1237 cieri,
1263 1161 1373 1248 οβιννί,
1392 1165 1565 1247 mortificari
1577 1167 1608 1227 in
1621 1163 1727 1244 Christo
1734 1206 1749 1239 ,
1765 1160 1841 1226 aliis
1853 1180 1910 1222 nan
1923 1162 1963 1222 a·-

314 1251 407 1311 uelum
418 1251 540 1311 interius
553 1246 769 1325 dirumpendum
783 1245 840 1327 ιβ,
862 1245 1033 1316 aeconomia,
1061 1263 1120 1325 que
1148 1258 1194 1305 cct
1210 1244 1287 1308 nobis
1307 1246 1419 1325 ingredi
1438 1248 1469 1308 in
1497 1246 1635 1309 Sancium
1664 1267 1730 1306 curn
1744 1241 1964 1305 Sacerdotibus

312 1352 389 1396 nunc
407 1330 484 1392 nobis
501 1327 767 1408 absconditaficnt,
796 1325 998 1388 domasDEl
1011 1325 1119 1387 Sacra·
1151 1324 1216 1395 &a
1261 1326 1293 1388 in
1317 1324 1407 1389 tradi.
1431 1325 1470 1390 de
1492 1327 1614 1391 tabern.
1636 1326 1673 1390 B.
1686 1346 1715 1390 2.
1757 1321 1899 1388 Uberius
1918 1323 1964 1387 al·

314 1428 414 1476 menta
439 1412 596 1477 uideamus.
640 1407 718 1471 Hac
741 1411 774 1471 δι
797 1406 923 1470 erudita
941 1408 1006 1467 sunt
1021 1408 1055 1469 δι
1070 1404 1124 1488 pii
1151 1405 1278 1490 legoriae
1305 1426 1455 1472 contorta
1484 1408 1640 1493 specimen
1668 1404 1742 1471 vide
1770 1424 1831 1469 art.
1853 1405 1885 1468 6.
1918 1405 1961 1472 de

313 1492 503 1576 excogitata.
526 1491 620 1554 Plura
632 1489 777 1571 exempla
793 1486 1073 1571 allegoriaeillatae,
1094 1504 1127 1549 at
1153 1486 1395 1554 Pontificiorum
1423 1490 1597 1574 allegoriis.
1645 1488 1718 1552 Non
1750 1487 1868 1584 polium
1895 1506 1962 1550 non

316 1573 492 1637 commoda
510 1568 635 1637 &fidei
664 1569 815 1652 analogia
837 1588 1008 1652 congrua,
1037 1566 1125 1632 affer·
1155 1570 1214 1634 hllc
1244 1570 1418 1633 adscribere
1450 1573 1544 1636 verba
1573 1572 1607 1635 Β.
1636 1572 1758 1634 Lachere
1772 1614 1783 1644 ,
1824 1589 1890 1652 quae
1921 1587 1962 1633 ex

317 1654 344 1719 ri
359 1673 522 1747 poterant,
543 1652 595 1717 sed
608 1652 760 1714 sufficiant
775 1651 878 1714 isthaec
895 1669 1004 1733 pauca.
1047 1647 1124 1713 Alia
1155 1649 1346 1716 sermonibus
1362 1655 1446 1734 ema,
1466 1651 1603 1717 homilia
1615 1651 1647 1714 in
1669 1653 1749 1716 Luc.
1769 1667 1816 1732 17.
1828 1650 1962 1714 adducit

319 1757 373 1821 qm
402 1719 584 1809 defiderat,
614 1732 705 1796 adeat
732 1730 935 1795 homileticos
955 1727 1123 1815 Scriptura
1156 1731 1221 1796 Th.
1245 1732 1412 1798 Montanus
1434 1753 1517 1819 part.
1539 1754 1568 1800 2.
1595 1733 1680 1819 apol.
1701 1731 1829 1797 Cathol.
1846 1731 1904 1794 lib.
1924 1751 1960 1811 ς.

310 1817 462 1881 locorum
490 1822 523 1883 δι
553 1833 694 1879 textuum
721 1812 986 1897 Euangelicorum
1008 1810 1124 1895 expofi-
1154 1834 1223 1898 cap.
1267 1860 1275 1876 .
1317 1813 1477 1878 Sinonia
1498 1838 1572 1880 novo
1585 1816 1759 1896 Testamenta
1761 1815 1864 1897 figure
1875 1814 1964 1876 clara

316 1917 412 1963 τοῖος.
1151 1895 1228 1976 fign'
1266 1895 1328 1959 atio
1351 1896 1412 1977 ιβ,
1439 1897 1553 1979 nonest
1574 1897 1607 1958 ed
1629 1899 1802 1961 nitendum:
1817 1896 1967 1978 fiquidetn

170 1990 296 2052 callega-
357 1982 511 2042 aExtorta
526 1982 560 2043 dc
575 1991 709 2042 contorta
724 1976 861 2057 allegoria
876 1975 945 2050 est,
997 1999 1040 2041 uae
1054 1996 1125 2061 pro·
1158 1979 1336 2040 Cacademon
1360 1978 1478 2060 infignis
1500 1979 1612 2056 artifex
1624 1981 1733 2061 figaris
1752 1979 1851 2056 ludit,
1881 1972 1968 2056 acsi

173 2057 256 2129 ΜΨ·
318 2060 418 2124 babili
438 2060 639 2124 fundamento
657 2058 688 2120 in
705 2059 787 2148 sensu
799 2058 918 2150 literali
930 1998 1107 2150 dedituitur
1115 2101 1125 2130 ,
1156 2061 1386 2140 quamanimam
1402 2059 1603 2140 nanciscatur,
1623 2059 1969 2142 queſsnecertofunda·
2057 2071 2058 2076 ’

171 2131 297 2229 ῗξξῒῗ’
314 2143 399 2206 oeli
414 2162 471 2216 re,
505 2144 523 2206 i
538 2162 597 2226 qua
609 2141 779 2202 desum1tur
793 2182 804 2212 ,
832 2159 928 2203 nimis
943 2140 1100 2222 dllcrepat
1114 2183 1124 2212 ,
1156 2155 1253 2202 mento
1264 2139 1431 2219 Scriptatyas
1444 2144 1483 2202 ad
1494 2142 1660 2222 allegoriam
1668 2155 1799 2223 torquet,
1819 2157 1969 2220 eumqua-

172 2254 250 2294 wm.
323 2225 371 2286 uel
384 2223 422 2286 ad
436 2222 594 2306 objedium
610 2222 745 2285 alienum
763 2223 795 2284 bc
813 2223 986 2305 perversum
1000 2241 1125 2288 accom·
1150 2218 1327 2303 fitcffcram
1346 2222 1403 2282 bue
1422 2220 1755 2304 &illucjaciaresolet
1768 2265 1778 2295 ,
1806 2221 1967 2303 cuiusmodi

209 2366 214 2379 ,
322 2306 489 2383 modatur,
512 2307 562 2368 orl
572 2304 651 2367 aliis
667 2303 684 2366 'a
697 2298 866 2386 Scriptura
881 2303 1128 2386 analogianimis
1151 2302 1321 2378 ledumrices
1329 2301 1449 2384 figuras
1458 2305 1490 2365 in
1495 2302 1563 2383 jure
1577 2306 1717 2365 Canaruca
1731 2304 1770 2376 (ρ’
1785 2302 1970 2381 Scholasticis

321 2406 444 2450 remota
468 2387 522 2449 ess.
566 2384 663 2447 Tales
674 2386 766 2456 sunt,
800 2383 851 2475 qui
866 2386 972 2446 Arcam
986 2386 1068 2457 Noe,
1091 2388 1123 2448 ἃ
1157 2382 1327 2445 nonoribus
1344 2399 1517 2446 commentar
1535 2384 1598 2463 ιβ,
1624 2386 1735 2448 accim
1750 2384 1861 2463 Papam
1875 2384 1971 2462 Sole,

319 2470 472 2532 Canticum
484 2469 666 2530 Canciearam
680 2463 718 2526 de
740 2461 845 2526 Maria
867 2464 918 2527 vir
940 2466 989 2527 ine
1007 2465 1125 2548 allego
1157 2464 1289 2542 Cesarem
1312 2463 1399 2526 Laud
1419 2463 1578 2547 significari
1598 2466 1692 2545 ajunt.
1730 2465 1845 2544 Triplex
1864 2479 1968 2526 autem

217 2551 221 2556 “
321 2550 407 2622 rice,
428 2547 479 2612 sed
496 2546 605 2609 insulsi
617 2562 783 2628 exponunt.
824 2540 879 2608 Sic
930 2565 1125 2629 ieronymus,
1157 2542 1379 2624 estfignificatio
1385 2543 1511 2626 figure,
1539 2548 1604 2608 eum
1619 2545 1771 2627 Scriptura
1784 2544 1970 2626 ipſsrstgaie

320 2630 429 2704 'munda
450 2629 589 2692 animalia
611 2629 641 2687 in
664 2629 741 2688 Arca
759 2626 846 2700 Noe,
875 2625 913 2694 de
927 2625 1127 2710 virginibus,
1156 2628 1297 2686 canonem
1310 2627 1493 2706 allegoricam
1502 2629 1654 2708 proponit,
1672 2629 1784 2689 utcim
1798 2627 1902 2688 Petrus
1935 2650 1970 2687 a·

321 2711 470 2774 immunda
486 2756 495 2788 ,
514 2708 552 2771 de
567 2706 723 2770 maritatis
738 2751 747 2781 ,
769 2706 985 2792 allegorici&
1000 2708 1128 2772 absurdi
1155 2706 1290 2786 priimum
1300 2719 1356 2787 ριν
1367 2709 1476 2770 Arcam
1487 2708 1613 2781 Noaeb,
1635 2709 1743 2772 Paulus
1750 2721 1805 2789 ριν·
1816 2729 1898 2769 mare
1913 2729 1968 2768 ru·

322 2792 567 2874 interpretatur:
595 2788 647 2873 qui
664 2808 724 2850 non
738 2787 843 2853 minias
859 2787 979 2870 circipene
993 2789 1129 2872 virgines
1157 2787 1416 2869 brumſsgnificat3
1436 2789 1476 2861 όν
1492 2788 1615 2870 Christus
1628 2793 1833 2870 crucemsuam
1842 2788 1971 2870 perscr-

323 2873 395 2954 oasa
409 2875 448 2933 ad
459 2873 589 2936 hommem
606 2895 630 2940 ,··
646 2871 829 2961 conjugatos
843 2873 912 2951 vasa
928 2872 970 2932 ad
980 2890 1127 2934 contume—
1156 2881 1271 2947 pentem
1282 2868 1358 2947 Jot.
1378 2888 1406 2952 3.
1424 2870 1583 2948 hujusmodi
1594 2870 1812 2952 fignificatc‘oner
1819 2883 1877 2950 pra
1891 2872 1970 2931 arti-

322 2955 395 3015 liam
408 2971 572 3097 nuncupat.
612 2950 701 3014 Idem
714 2969 811 3013 etlam
823 2952 952 3027 frudun
966 2954 1129 3033 centuplum
1158 2949 1230 3011 culis
1236 2951 1312 3031 fidei
1315 2951 1390 3030 fient
1402 2949 1539 3015 habenda.
1577 2952 1724 3026 Secunda,
1743 2951 1807 3012 eim
1821 2951 1970 3013 humanus

297 3082 300 3088 .
326 3033 359 3097 in
381 3031 506 3098 Euane

325 3119 443 3179 nariam
464 3053 503 3178 de
522 3113 650 3187 viduis,
679 3116 867 3176 tricenarium
887 3113 926 3175 de
945 3115 1131 3199 conjugibus
1158 3112 1285 3173 tudinem
1297 3111 1365 3174 aliis
1377 3112 1488 3195 aliquot
1496 3115 1583 3175 claris
1596 3114 1750 3194 Scriptura
1752 3112 1908 3194 sententiis
1922 3136 1973 3175 ac·

325 3197 482 3282 exponit,
502 3195 626 3260 exclusis
640 3215 694 3278 per
708 3194 816 3260 omnia
829 3193 976 3274 bigamis,
1004 3194 1044 3258 de
1061 3194 1129 3279 qui·
1157 3192 1324 3255 conmodat'
1331 3236 1343 3266 ,
1371 3209 1406 3254 ut
1424 3193 1594 3276 Augustinus
1607 3196 1658 3258 boc
1668 3197 1699 3255 in
1712 3193 1773 3256 loco
1791 3191 1892 3266 (Luc.
1915 3213 1968 3274 17.

326 3279 383 3344 bus
397 3279 464 3356 ait,
483 3281 560 3341 cerui
573 3281 602 3339 in
616 3277 690 3339 bona
705 3277 786 3336 teira
803 3296 857 3338 non
870 3276 1090 3418 criunturffed
1100 3280 1130 3342 in
1160 3275 1236 3335 vers.
1258 3283 1328 3352 η.)
1349 3287 1402 3354 ριν
1417 3274 1782 3355 lepramberefineuponit,
1802 3296 1976 3358 quanquam

279 3396 291 3409 ·
326 3358 507 3443 vepribus&
518 3359 611 3440 spinis
638 3358 830 3437 voluptatum.
875 3355 1009 3439 tHujus
1037 3359 1130 3425 arina
1157 3355 1218 3432 ipsa
1232 3355 1384 3436 Scriptura
1398 3358 1552 3429 nondicito
1567 3370 1621 3437 W
1633 3359 1744 3436 lepram
1757 3355 1975 3438 l‘mssnfigni·

321 3445 390 3505 srmt
410 3443 508 3504 etiam
527 3437 755 3523 explicationes
766 3433 934 3521 Scriptura
951 3439 1129 3503 &Mateolo-
1153 3434 1244 3516 ficari
1257 3479 1267 3508 ‚
1277 3437 1337 3516 sid
1350 3433 1423 3498 alibi
1437 3436 1502 3497 Seri
1534 3458 1590 3498 ura
1603 3435 1832 3517 bar-estsclarcm
1846 3443 1975 3502 mentie-

320 3525 368 3606 gis
388 3521 599 3604 ibeopbrosteis
620 3520 776 3584 adornatae
804 3522 900 3612 (quas
915 3518 1080 3602 spiritualer
1096 3525 1129 3588 δι
1161 3537 1224 3578 netu
1236 3517 1339 3596 facit:
1366 3452 1581 3599 idcireopiiicra
1595 3517 1745 3602 islofidem
1761 3538 1816 3578 non
1827 3522 1907 3600 cogit
1919 3565 1931 3593 ,
1944 3520 1978 3603 fi

324 3606 470 3667 interioris
484 3602 583 3687 sensis
605 3600 731 3665 nomine
754 3601 943 3677 venditare,
971 3601 1130 3667 literalem
1160 3601 1234 3661 enim
1251 3597 1433 3662 convellatur
1445 3642 1457 3673 ,
1486 3616 1585 3661 tanen
1602 3602 1752 3662 immotum
1761 3597 1827 3678 βιν
1850 3600 1975 3681 funda-

327 3683 402 3749 verb
418 3686 539 3768 prorsus
548 3683 753 3746 exterminare
765 3703 827 3747 non
840 3694 1005 3758 verentur)
1027 3684 1132 3768 quales
1161 3695 1315 3753 mntem,
1336 3679 1649 3762 vmluecsoripmra,
1669 3683 1710 3742 ad
1743 3703 1761 3741 t
1842 3684 1978 3766 rafica.

328 3768 414 3839 sunt,
437 3765 539 3829 Psalm
559 3767 723 3829 uoueri.
744 3785 773 3827 ι.
794 3765 865 3828 Sede
881 3764 901 3828 i
915 3767 1027 3827 deutris
1041 3768 1129 3844 mas,
1160 3762 1265 3824 tionem
1284 3762 1367 3824 illam
1390 3775 1540 3825 tcaumt.
1583 3760 1681 3823 Tertia
1704 3701 1742 3837 eli
1761 3783 1800 3822 na
1850 3763 1899 3843 fig
1929 3768 1935 3779 “

329 3869 397 3933 quc
420 3847 515 3912 verba
536 3846 642 3929 Weig.
667 3845 700 3909 in
720 3844 802 3909 Post.
819 3864 899 3929 part.
916 3865 944 3909 2.
965 3864 1038 3931 pag.
1055 3846 1130 3929 284.
1160 3845 1237 3905 catio
1248 3863 1284 3906 eu
1294 3847 1411 3925 propria
1425 3843 1520 3921 capite
1531 3844 1671 3926 conficta,
1687 3841 1978 3929 ubifigacasilacst,

325 3928 532 4013 spiritualiter
546 3926 761 4009 itaexplicat;
783 3928 941 4010 ostenae,
962 3929 1132 4006 noscerem-
1161 3944 1248 4006 neque
1273 3927 1426 4007 quicquan
1447 3924 1478 3985 in
1502 3922 1656 4003 Scriptura
1678 3939 1789 3997 excae,
1825 3927 1904 4007 quoa
1920 3944 1976 4008 ριν

325 4033 393 4083 mo,
413 4014 519 4072 redime
531 4007 685 4070 bucacanum
696 4029 802 4086 genas,
820 4013 851 4071 iu
865 4007 991 4092 afflamtd
1005 4010 1131 4072 bomani
1160 4004 1235 4068 banc
1241 4004 1403 4087 fignifieari
1419 4005 1536 4078 volunt,
1557 4019 1591 4076 ut
1606 4006 1671 4067 cim
1680 4017 1735 4086 ριν
1746 4007 1890 4068 Aarorrem
1909 4011 1976 4073 Pa.

328 4091 440 4154 notari
452 4135 463 4164 ,
484 4091 607 4152 moribus
619 4111 655 4150 ac
669 4089 767 4150 babitu
773 4090 879 4170 fimilis
891 4091 997 4153 bomini
1011 4094 1132 4154 Adurni-
1157 4099 1229 4166 pam
1243 4088 1366 4167 inteligi
1379 4086 1481 4149 oolam
1497 4129 1508 4158 ,
1527 4086 1593 4147 crim
1604 4101 1704 4149 tamen
1716 4107 1751 4148 ue
1762 4089 1891 4169 apiculas
1901 4097 1973 4174 qai·

330 4176 406 4242 tica,
427 4171 511 4253 usque
525 4173 592 4232 dum
605 4191 700 4234 omnes
718 4172 847 4234 inimicos
861 4176 1065 4253 tuorpotentiae
1079 4189 1132 4235 tua
1160 4170 1225 4230 ἅιιν
1250 4169 1431 4248 Scriptura,
1465 4166 1547 4246 Papa
1571 4183 1626 4228 aut
1644 4166 1775 4252 Papatus
1796 4175 1974 4242 mentionem

236 4257 239 4264 ’
321 4253 493 4335 stamiriam,
512 4255 600 4314 etiarn
615 4250 704 4332 ipficm
719 4268 839 4313 martem
854 4252 970 4332 bostium
983 4254 1130 4317 ultimam.
1160 4249 1374 4333 rtllamfuciat·
1416 4245 1498 4313 Hac
1512 4245 1677 4316 Lutherut.

331 4333 450 4397 Matth.
475 4353 525 4410 ις.
550 4333 627 4394 veri.
653 4351 702 4396 rr.
753 4335 809 4396 aod
829 4337 927 4395 iuerat
944 4337 1046 4409 inas,
1075 4356 1132 4398 nen

324 4416 491 4507 coinquinat
502 4414 661 4482 bominem
683 4413 720 4475 Id
763 4415 851 4478 hilos.
869 4413 1000 4496 mystica
1012 4436 1043 4497 p.
1062 4416 1131 4481 226.
1198 4461 1200 4466 ,

324 4495 376 4558 ,ita
391 4511 625 4578 interpretatur:
646 4489 734 4579 Qui
745 4512 831 4559 entra
846 4518 895 4558 cor
907 4517 999 4558 mcum
1012 4494 1050 4575 ιβ
1068 4497 1129 4569 (Ιο-

331 4574 1128 4660 quiturautemdeChrrstononperimpntationem,

326 4659 380 4720 sed
400 4679 455 4742 per
473 4654 662 4720 clientialem
688 4658 952 4722 inhabitationem
966 4653 1130 4740 justifican-

330 4738 435 4816 tem,)
456 4761 506 4801 nee
521 4760 564 4800 ννι
577 4740 716 4812 mundae,
736 4745 827 4804 necin
848 4742 955 4819 ainau,
972 4741 1130 4823 marusa}-

330 4837 403 4898 νιν,
421 4841 507 4904 neque
520 4821 664 4894 damnat,
686 4825 751 4886 &o
797 4840 809 4886 1
827 4762 900 4885 ior.
921 4840 970 4901 ις.
985 4823 1064 4884 vers.
1080 4842 1130 4886 10.

330 4903 404 4968 tin
421 4905 554 4978 tramit,
574 4905 648 4987 qaod
656 4903 816 4989 perfidam
829 4903 889 4985 ιβ,
917 4904 1106 4968 mutuabitur
1121 4927 1143 4978 ,¹
1245 4961 1259 4974 ,

523 3033 572 3097 ica
594 3031 723 3096 historia
741 3031 779 3093 de
791 3031 988 3126 virginibus,
1006 3036 1129 3115 Jeuage·
1157 3031 1545 3112 captusfiguraminducit‚
1569 3031 1609 3102 dr
1620 3045 1673 3110 ριν
1689 3031 1847 3111 appofitam
1859 3032 1972 3111 finili·
2005 3068 2008 3074 ·
