4134 5559
1140 74 1166 123 0

375 218 914 303 ”NECESSITATE
955 222 1043 301 ET
1077 215 1515 315 UT'ILITATug
1566 219 1572 227 ’
1680 238 1753 329 „24¹

100 334 162 426 lias
182 334 270 401 euim
283 351 319 405 ut
334 340 352 401 ὲ
366 336 553 409 Christianis
567 344 724 428 profectas
739 346 851 409 iridem
867 367 918 409 ex·
952 366 1014 430 quo
1037 346 1131 408 solidi
1153 346 1233 410 nihil
1257 345 1421 428 probatum
1445 345 1512 408 dari
1526 349 1632 428 pollis,
1655 346 1705 412 cui
1722 345 1756 407 ln

102 413 242 483 fibrlaut.
284 417 338 482 Ad
359 421 462 485 solum
475 423 572 505 igitur
585 423 705 489 sontem
725 426 916 490 Hebraicum
950 428 1011 490 hoc
1042 426 1200 491 assentitur
1225 430 1375 491 Athamas.
1411 431 1460 506 (d)
1488 426 1693 506 Postmodum
1712 427 1753 489 de

105 497 419 589 recurrendumgest,
448 503 536 571 illius
554 526 572 568 a
594 527 631 569 ua
647 506 746 570 dulcis
758 507 916 591 degustan-
950 507 1077 570 Christo
1100 508 1265 571 secundum
1289 510 1455 572 humanam
1475 526 1615 571 naturam
1633 508 1751 573 intelli·

104 577 175 651 da,
198 578 288 644 illius
309 600 359 670 trs
378 580 487 649 divina
511 526 630 675 preffim
654 587 809 670 urgenda,
832 589 917 651 illius
947 590 1080 671 gendum
1102 587 1178 661 esse,
1203 593 1236 652 δι
1249 592 1349 655 ἔκτισε
1365 588 1444 650 illud
1458 589 1583 653 ratione
1597 589 1751 673 pradesti-

108 657 230 742 pondus
257 660 401 745 Judalcae
431 667 582 746 pravitati
606 670 823 750 opponendum
845 669 916 742 est,
947 669 1085 732 nationis
1103 669 1167 731 dici
1189 674 1301 734 censet.
1343 669 1485 731 Tandem
1508 670 1547 731 ad
1568 668 1687 732 fontem
1715 674 1751 734 δε

110 744 146 829 ὃς
169 739 208 802 de
222 760 334 832 euentu
347 744 544 832 successuque
554 767 701 830 exoptato
715 749 795 813 nihil
809 749 917 812 refide-
948 749 1140 813 Hebraicum
1161 769 1279 813 terrum
1303 751 1444 823 accedit,
1472 769 1607 813 erratum
1626 751 1749 815 vitiosae

109 819 163 909 brt
180 821 390 887 dubitationis
401 827 487 893 alea.
523 828 684 911 Exemplis
696 828 848 913 idipsum,
864 851 917 893 au·
947 829 1092 894 versonis
1110 834 1225 895 Graecae
1255 832 1406 915 corrigit,
1437 835 1471 894 δι
1489 831 1521 893 in
1536 832 1672 896 Hebraeo
1687 850 1750 896 non

109 900 254 976 ditores,
282 923 339 967 ceu
359 902 427 967 luce
447 908 656 992 pulcherrimi
676 910 916 984 collusllarem,
947 911 1055 974 haberi
1076 911 1200 988 astruit,
1230 912 1385 975 Dominus
1403 910 1524 974 creavit
1538 933 1607 986 me,
1628 913 1678 975 sed
1690 914 1751 993 Je-

111 980 167 1045 sed
189 982 230 1047 ad
251 982 347 1049 finem·
369 1003 522 1076 propero,
554 994 587 1054 δι
603 989 762 1053 hostilium
778 1010 916 1055 caterva-
946 992 1021 1054 bova
1040 992 1180 1066 Kannni,
1211 992 1244 1054 id
1258 992 1339 1076 quod
1357 992 1525 1074 dupliciter
1537 994 1650 1076 exponi
1665 994 1750 1076 posse

80 1074 185 1126 'rum
204 1063 301 1131 castra
320 1064 433 1130 leviter
453 1072 576 1134 tantum
600 1075 632 1135 &
656 1091 711 1154 per
725 1075 915 1137 transennam
947 1072 1012 1147 ait,
1040 1073 1089 1135 vel
1108 1074 1198 1154 κύριος
1216 1076 1368 1151 sitienti
1386 1097 1453 1153 με,
1484 1075 1623 1136 Dominus
1654 1076 1751 1137 ordis

115 1143 214 1209 modo
235 1147 388 1231 exploro,
416 1170 506 1235 arque
528 1152 593 1233 jam
613 1151 765 1234 apriori,
786 1174 850 1236 qua
863 1155 917 1239 Ju-
946 1175 1006 1221 nse,
1026 1153 1075 1215 vel
1092 1155 1182 1234 κύριος
1192 1157 1344 1220 inserturi
1354 1179 1412 1234 με,
1434 1155 1575 1215 Dominus
1588 1089 1751 1236 insinno!-

114 1225 255 1291 daeorum
274 1226 335 1303 est,
372 1227 412 1293 ad
431 1231 633 1314 posteriorem
650 1232 783 1296 devenio
803 1235 917 1297 aciem.
944 1233 967 1293 li
987 1234 1106 1316 exclusti
1123 1258 1182 1312 nne,
1202 1254 1330 1319 quorum
1347 1235 1430 1318 prius
1444 1255 1550 1297 verum
1567 1235 1607 1297 est
1623 1240 1656 1300 δι
1677 1236 1752 1299 soli-

112 1306 179 1399 Dla
202 1308 324 1399 triplici
352 1309 539 1397 potiffimum
560 1314 622 1376 hoc
640 1331 782 1397 tempore
800 1333 919 1378 armata
940 1316 1036 1378 dum:
1063 1314 1211 1397 posterius
1228 1336 1359 1389 vanum,
1387 1314 1441 1377 nist
1459 1335 1515 1397 pro
1529 1315 1649 1378 Canarii
1663 1317 1748 1401 lega*-

115 1390 236 1451 mcedrt
277 1395 432 1478 halanges
459 1393 698 1478 Ponu'siciororo,
725 1394 779 1478 qui
804 1397 920 1459 Tradi·
948 1415 1015 1461 mus
1035 1404 1090 1465 ’llil
1113 1398 1157 1460 Ν.
1177 1396 1353 1479 geminati,
1381 1414 1414 1459 ut
1435 1394 1471 1458 lit
1492 1396 1621 1458 verbum
1637 1400 1654 1460 a
1669 1418 1749 1462 voce

115 1470 244 1534 tionum
254 1415 428 1559 §apalium
442 1474 544 1540 induti
553 1475 666 1545 armis,
687 1474 773 1572 gregi
788 1475 852 1541 Dei
867 1498 921 1560 pu·
948 1484 1057 1620 lpquae
1071 1479 1184 1544 νισι-ίαν
1195 1478 1254 1541 five
1270 1481 1367 1540 nidum
1379 1475 1519 1539 denotat.
1560 1476 1750 1560 Eccequam

114 1549 189 1631 fillo
206 1557 362 1621 molestias
382 1553 557 1621 facessunt:
584 1556 839 1630 Cascantinorum,
889 1559 918 1622 ui
960 1558 1065 1633 elide,
1093 1560 1185 1641 quim
1204 1560 1355 1632 nervose,
1384 1560 1476 1641 quam
1498 1556 1616 1622 dieue
1641 1562 1674 1622 &
1689 1557 1751 1623 fine

114 1631 258 1699 humana
280 1637 411 1701 rationis
434 1640 613 1719 pharetram
635 1655 794 1719 gerentes,
814 1580 918 1702 infidi·
949 1640 1022 1704 ullis
1045 1660 1119 1704 exce
1142 1641 1262 1704 tionum
1289 1644 1323 1704 δι
1348 1636 1750 1715 torfionumansraslibus,

117 1731 175 1777 ces
195 1734 230 1778 ex
249 1716 305 1782 illa
322 1718 451 1801 sagittas
475 1717 514 1781 de
537 1735 675 1792 romum,
693 1717 791 1800 iisque
805 1719 919 1784 verita·
949 1740 987 1783 ex
1006 1720 1097 1784 unica
1119 1660 1253 1785 hebraea
1266 1740 1362 1793 voce,
1382 1719 1565 1783 adversariis
1576 1740 1611 1783 os
1623 1720 1750 1784 obtura-

116 1812 188 1857 tem
213 1799 421 1888 orthodoxam
440 1820 479 1862 co
513 1798 607 1862 odere
625 1799 794 1883 satagunts
822 1802 920 1864 Phori—
951 1801 998 1874 ri,
1032 1803 1147 1866 veritas
1173 1802 1374 1873 confirmari,
1401 1800 1548 1865 har'etica
1571 1797 1685 1863 salfitas
1702 1823 1750 1866 re-

113 1880 287 1954 ninnoruns,
315 1880 413 1964 qui&
431 1878 485 1964 ipsi
500 1901 537 1944 ex
550 1877 656 1952 reue,
679 1900 771 2127 qpam
785 1881 918 1955 volunt,
949 1880 1044 1945 sutari
1071 1885 1105 1948 &
1130 1883 1239 1965 repelli
1253 1882 1420 1972 potuisset?
1441 1881 1500 1945 Oi
1524 1881 1586 1943 itur
1598 1883 1751 1945 sacrosan-

115 1958 251 2025 rationis
265 1960 428 2045 presdiu,
447 1961 534 2027 velut
549 1981 586 2023 ex
595 1979 677 2043 equo
721 1959 831 2040 roiano
848 1982 919 2045 pro·
952 1960 1007 2025 diae
1021 1963 1133 2046 lingua
1150 1963 1239 2044 hujus
1251 1962 1445 2047 primigenia
1463 1966 1496 2026 δι
1547 1962 1676 2026 ebraice
1686 1984 1753 2029 ma·
1867 2002 1869 2013 ,

114 2036 269 2121 deuntes,
295 2040 463 2107 latrocinia
486 2040 669 2105 incivitate
710 2040 919 2105 ehovae‘erer-
951 2043 1108 2122 jeslatem!
1137 2042 1157 2105 ὃ
1183 2043 1328 2127 insignem
1346 2048 1410 2127 ejus
1432 2041 1565 2105 sruslum
1581 2046 1614 2106 δι
1630 2043 1752 2106 utilita-

115 2138 214 2194 (ἐκ,
243 2126 278 2188 &
304 2124 402 2206 ipsam
423 2120 494 2185 hdei
517 2121 622 2185 nostre
641 2121 826 2205 acropolin,
853 2144 920 2206 que
951 2129 1035 2187 tem!
1057 2125 1078 2186 ὃ
1096 2124 1287 2198 mirandam,
1316 2144 1408 2208 quam
1421 2122 1454 2185 in
1465 2121 1636 2206 Scripturis
1650 2120 1755 2206 Spiri-

116 2197 260 2266 domina
273 2203 312 2266 de
325 2203 395 2287 Jesu
408 2202 524 2266 Christi
542 2198 674 2266 Deitate
688 2206 721 2266 δι
736 2200 921 2267 satisfactio.
952 2205 1032 2268 ritus
1053 2200 1087 2269 S.
1107 2205 1207 2269 solide
1222 2202 1576 2288 interpretandis-habet
1587 2202 1754 2269 austerita-

115 2300 158 2343 ne
170 2324 187 2354 ,7
201 2283 340 2370 adeoque
358 2284 398 2347 de
409 2282 510 2347 nostra
524 2303 630 2346 coram
644 2284 717 2349 Deo
730 2282 923 2361 justificatio·
952 2291 1035 2349 teml
1072 2286 1141 2370 quis
1163 2286 1251 2349 illam
1274 2305 1403 2360 amare,
1430 2284 1605 2358 admirari,
1633 2290 1756 2371 ejusque

114 2381 163 2424 -ne
184 2363 245 2438 est,
273 2386 331 2449 exp
374 2383 466 2437 nare,
493 2362 547 2427 etsi
567 2364 626 2426 line
638 2360 786 2437 successu,
808 2384 920 2428 conan-
953 2366 1123 2429 conciliare
1141 2365 1195 2428 sibi
1216 2365 1364 2430 notitiam
1389 2382 1513 2430 renuere
1530 2366 1677 2440 auderet,
1699 2368 1752 2451 qui

116 2459 183 2505 tur.
202 2446 247 2525 (a)
257 2446 349 2510 Alias
379 2444 573 2509 ereticorum
581 2442 764 2528 phalanges,
782 2445 922 2512 militum
952 2447 1126 2526 θιισοΦιιιι,
1152 2446 1285 2511 scientia
1302 2446 1387 2510 illius
1404 2444 1541 2510 coelestis
1562 2450 1595 2510 8(
1610 2448 1753 2533 augustis·
1765 2429 1898 2542 ‘1239'

113 2522 221 2607 copiis
233 2525 412 2602 destitutas,
431 2527 540 2616 quales
550 2527 618 2588 sunt
631 2520 923 2592 Schwenckfeldia-
952 2524 1032 2591 lima·
1046 2528 1237 2611 splendorem
1253 2523 1507 2610 κατοπτρίζεσθαι,
1528 2527 1586 2616 qual
1598 2546 1675 2589 voce
1691 2549 1755 2593 em·
1766 2508 1869 2608 {aaut

116 2623 230 2670 norum
246 2611 290 2671 —&
316 2604 615 2691 Weigelranomm,
649 2604 924 2689 Anabaptistarum
954 2608 1083 2690 phatica
1110 2609 1204 2673 utitur
1238 2607 1429 2692 Apostolus,
1458 2611 1507 2689 (e)
1540 2610 1662 2691 esusque
1688 2608 1895 2679 herianuoun.
1930 2653 1934 2661 ‚

116 2689 189 2752 διε.
215 2706 294 2751 nunc
314 2708 376 2753 non
393 2708 431 2751 eo
444 2685 642 2758 recenhtum,
662 2686 712 2748 sed
729 2685 923 2752 hoctantrlm
956 2689 1131 2774 particeps,
1152 2708 1223 2752 suto
1236 2688 1350 2753 mentis
1364 2687 1526 2753 conamine
1537 2705 1676 2781 exoptat.
1712 2687 1790 2757 E-.D
1816 2688 1871 2735 ΗΟ(

115 2764 243 2841 assero,
263 2772 385 2834 turtum
407 2767 524 2842 abesse,
545 2785 579 2831 ut
600 2766 727 2830 felicem
740 2786 810 2830 cum
824 2768 923 2851 priori
956 2769 1082 2854 quidem
1103 2771 1211 2833 adhuc·
1229 2770 1369 2853 pluribus
1380 2769 1492 2840 uobis,
1511 2766 1644 2832 Studiost
1665 2752 1883 2861 June-{222⁰

114 2846 248 2940 triplici
264 2848 519 2924 Pontificiorum,
542 2847 797 2938 Calvinianorum
808 2892 819 2922 ,
840 2849 923 2914 Pho·
956 2870 1028 2925 nes,
1052 2850 1244 2935 Theologiar
1264 2852 1399 2915 cultores
1422 2849 1552 2924 assidui,
1580 2851 1619 2912 ad
1638 2853 1756 2915 sacram
1771 2840 1879 2937 Ami,
1899 2920 1905 2933 ⁰

115 2929 487 3017 tinranorumphalange
505 2926 799 3018 pugnam‚·selmem
817 2948 923 3020 pugnae
957 2931 1046 2994 illam
1062 2931 1199 3014 linguam
1216 2932 1448 3013 perdiscendam
1469 2932 1572 3020 calcar
1585 2930 1730 2994 adderem
1745 2976 1757 3007 ,
1774 2949 1804 2990 ιι
1821 2955 1905 3002 psas.

116 3007 335 3095 catastrophen
353 3011 501 3096 polliceri
522 3028 590 3093 quis
611 3007 666 3070 fibi
682 3008 742 3071 fine
758 3007 923 3076 Hebraico
959 3015 992 3075 dr
1005 3012 1088 3075 faces
1097 3015 1228 3075 sermoni
1244 3033 1315 3075 meo
1323 3012 1503 3086 subderem,
1523 3010 1576 3074 mh
1587 3006 1759 3094 persuasum
1769 3001 1838 3068 ΜΝ·

111 3090 288 3156 literatura
308 3092 489 3177 cognitione
510 3090 619 3175 possit,
639 3107 672 3152 ut
689 3088 798 3173 potius
810 3090 843 3152 in
857 3091 925 3176 ipso
956 3090 1125 3171 haberem,
1147 3111 1266 3156 tantam
1286 3093 1414 3158 Helena
1435 3093 1521 3158 istius
1534 3090 1759 3176 pulcherrima,

114 3171 283 3247 conflictu,
312 3173 434 3258 quando
450 3172 567 3235 adrem
583 3171 633 3232 vel
648 3170 785 3233 niaxime
799 3190 924 3236 ventum
957 3190 1083 3256 tamque
1107 3174 1246 3237 nativam
1263 3174 1321 3238 effe
1335 3175 1522 3239 venustatem
1540 3176 1573 3238 δι
1588 3173 1761 3257 pulchritu-

116 3253 180 3330 est,
198 3256 248 3316 vel
262 3274 352 3339 terga
364 3252 502 3318 hostibus
512 3251 670 3336 prebere,
689 3250 739 3313 vel
752 3251 925 3317 certesuam
957 3254 1117 3329 tudinem,
1138 3274 1173 3317 ut
1188 3255 1330 3338 quemvis
1345 3259 1451 3338 suopte
1467 3274 1555 3318 motu
1571 3253 1603 3316 in
1619 3273 1762 3318 amorem

115 3332 189 3417 ipss
208 3335 370 3398 ridendam
393 3334 559 3420 propinare
576 3330 754 3404 inscitiam,
775 3333 926 3398 necessum
956 3333 999 3397 sui
1026 3338 1060 3398 8ι
1085 3335 1325 3399 admirationem
1349 3337 1525 3420 pertrahere
1547 3352 1651 3417 queat.
1694 3334 1760 3398 Co-

112 3414 244 3480 habeat.
289 3415 387 3499 Cujus
406 3415 452 3479 rei
465 3414 573 3479 vivum
592 3413 623 3474 in
639 3411 768 3494 antiquo
782 3412 841 3475 illo
857 3414 926 3497 pio-
957 3415 1076 3479 ronidis
1094 3415 1168 3478 loco
1191 3416 1323 3480 Lutheri
1343 3418 1483 3500 quadam
1497 3415 1674 3497 subjungam
1690 3436 1760 3477 ver·

114 3517 185 3560 rum
200 3496 329 3562 Patrum
344 3517 415 3560 cum
432 3494 562 3559 Arianis
579 3493 749 3557 certamine
768 3497 926 3586 conspice·
957 3497 1014 3571 ba,
1038 3518 1104 3580 quae
1125 3498 1333 3580 gravillimam
1354 3496 1625 3569 cohortationem,
1647 3496 1686 3557 ad
1698 3497 1758 3559 stu·

116 3597 154 3639 re
180 3578 269 3642 datur
292 3578 461 3663 specimen.
503 3574 668 3718 Postguam
692 3573 776 3637 enim
797 3573 847 3637 illi
868 3596 926 3658 pro
956 3577 1045 3640 diurn
1067 3576 1179 3661 lingua
1201 3579 1308 3644 sanstae
1330 3577 1433 3642 calide
1453 3577 1628 3640 habendum
1641 3578 1760 3639 sedulo-

115 3656 298 3743 blasphema
315 3662 368 3723 sua
383 3658 553 3742 opinione,

116 3737 208 3804 Patri
237 3740 399 3821 ὁμιέιιιν,
434 3734 662 3802 coessentialem
683 3740 717 3800 δι
738 3754 925 3801 coatemum
957 3740 1187 3803 commentario
1214 3744 1260 3820 (s)
1285 3739 1478 3807 Psalmorum
1492 3739 1524 3800 in
1541 3738 1607 3802 hacc
1623 3740 1759 3823 erumpit

115 3820 309 3895 attulissent,
336 3822 539 3913 gnaviterque
554 3835 697 3908 urgerent
709 3818 867 3882 oraculum
884 3820 926 3882 il·
957 3819 1135 3904 emphatica
1156 3821 1270 3885 verba:
1303 3822 1381 3900 Saepi
1406 3822 1526 3901 nronoi,
1556 3837 1590 3880 ns
1611 3821 1760 3881 Hebraeos

115 3900 175 3965 lud
199 3902 421 3976 suavissimum,
448 3903 502 3964 ubl
525 3894 706 3981 saptentia,
729 3917 793 3981 quae
810 3899 851 3961 est
868 3899 923 3963 Fi·
954 3903 1084 3983 linguans
1105 3902 1261 3981 disteterit,
1283 3924 1335 3963 nec
1347 3922 1409 3963 eom
1424 3904 1468 3962 ita
1482 3902 1672 3981 negligeretis.
1698 3900 1763 3980 Etfi

113 3981 183 4046 lius
207 3983 286 4058 Dei,
313 3982 353 4047 de
373 3983 472 4065 seipsa
494 3981 528 4045 in
551 3996 624 4044 Lxx.
667 3979 777 4042 Graeca
788 3980 922 4045 verfione
953 3984 1109 4063 enim‘q'os
1129 3984 1228 4064 lingue
1246 3984 1341 4044 nullos
1359 3982 1434 4043 nlius
1452 3981 1518 4065 effin
1540 3983 1631 4063 ostis,
1659 3992 1766 4041 tannen·

110 4061 223 4127 dicit:
251 4068 301 4145 (a)
326 4065 470 4128 Dominus
484 4061 584 4130 ἔιτισέ
603 4084 644 4141 με
661 4061 712 4124 seu
729 4063 842 4122 meruit
864 4084 919 4125 me.
945 4077 1002 4142 pro
1016 4068 1184 4145 gratiamne
1204 4065 1313 4125 nerine
1331 4064 1460 4142 discenda
1483 4078 1569 4135 erne,
1595 4063 1672 4142 quod
1686 4052 1904 4142 parssflsfflt'·

111 4142 167 4207 Ibi
180 4146 255 4210 v'erd
267 4145 316 4230 pii
330 4145 409 4211 aliis
423 4148 457 4210 &
472 4141 560 4227 dodli¹
571 4139 697 4215 Patres,
718 4140 918 4207 interimHe·
949 4147 1076 4226 qrsaednnn
1092 4144 1390 4222 religionis&cisltns
1406 4141 1537 4222 Doſse,
1558 4143 1754 4223 eurulingnnm
1768 4118 1795 4169 ε’
1808 4133 1849 4169 ²²·
1880 4150 1882 4155 '

108 4223 212 4290 braici
230 4225 381 4293 sermonis
404 4230 438 4292 &
459 4242 622 4289 contextus
635 4220 736 4306 ignari
746 4266 757 4297 ,
779 4221 811 4284 in
824 4242 915 4288 exco—
947 4226 1043 4285 dorm
1063 4226 1242 4304 addiscere,
1260 4223 1404 4305 qnesuln,
1424 4226 1556 4305 quicquid
1569 4243 1694 4304 nnqnnnr
1708 4226 1753 4283 di·

107 4308 250 4394 gitandis
267 4309 308 4374 ad
320 4307 477 4390 objectum
494 4302 735 4390 responsionibus
747 4301 855 4369 solidis
866 4305 914 4368 ni·
948 4306 1008 4366 vini
1026 4304 1078 4384 est,
1103 4308 1193 4366 doces.
1235 4305 1360 4365 Andiros·
1379 4307 1452 4365 eninr
1468 4306 1499 4363 in
1512 4325 1546 4364 ιιι
1561 4304 1638 4363 Dens
1651 4304 1728 4385 sopiri
1745 4351 1755 4383 ‚

103 4389 249 4483 mioperd
275 4393 310 4455 dt
324 4390 413 4454 varii
426 4389 456 4452 se
470 4388 639 4460 torserint,
662 4404 737 4468 quas
748 4387 799 4447 res
816 4384 914 4449 onfio-
946 4387 1104 4447 audiuntur
1128 4384 1472 4454 sanationum&
1487 4386 1631 4445 maximas
1645 4406 1752 4465 resge-

101 4492 161 4537 nes
177 4491 213 4537 ιι
234 4466 535 4555 unumcongeslitE
559 4465 718 4551 iphanius,
735 4475 764 4545 θ)
783 4405 835 4528 uzi
852 4465 912 4530 ini.
944 4481 1058 4539 rentes,
1078 4480 1113 4526 ut
1118 4465 1266 4545 studium,
1285 4466 1364 4547 quod
1373 4469 1404 4526 in
1417 4466 1493 4525 banc
1505 4464 1635 4544 linguans
1646 4466 1775 4547 discen-s
1782 4469 1810 4534 c)
1824 4471 1881 4526 har.
1959 4530 1962 4535 ,

99 4543 242 4620 tio'non
313 4571 365 4615 ere
387 4553 425 4614 de
445 4549 523 4613 Chri
550 4567 571 4610 0
596 4547 701 4611 locum
723 4545 910 4623 contendit,
943 4547 1013 4607 donn
1031 4547 1209 4623 collocatur,
1243 4544 1345 4630 ‘Wff’
1367 4548 1494 4628 quedam
1504 4547 1557 4624 jin
1578 4544 1670 4606 cultos
1695 4546 1751 4606 Dei
1765 4544 1806 4590 ⁶⁹·
1853 4570 1858 4579 ·

94 4638 176 4700 edm
192 4654 288 4699 nona
332 4650 441 4697 ucatm
452 4631 492 4693 ab
507 4627 684 4712 Apostolisr
708 4629 742 4692 δι
760 4626 909 4691 itaasor-
945 4629 1046 4687 merito
1060 4629 1160 4689 uocari
1171 4624 1271 4709 goffer.
1312 4624 1495 4712 Qareftrin
1515 4648 1566 4687 uns
1581 4624 1697 4698 bonor,
1719 4647 1754 4688 ne

91 4718 230 4790 ummo,
287 4734 324 4778 ro
339 4712 507 4777 divinitate
527 4713 561 4775 δι
578 4707 750 4776 aeternitate
762 4707 909 4786 Christi,
943 4728 1008 4770 eoin
1027 4707 1196 4789 negligatur
1210 4709 1368 4786 pericnlum
1390 4711 1465 4769 enirn
1479 4706 1534 4789 est,
1555 4708 1682 4769 neDens
1700 4707 1754 4769 hnc

115 4796 241 4867 rafidio
304 4793 388 4858 trudi
413 4796 444 4856 se
467 4792 639 4876 abducique
662 4785 758 4855 sacili
776 4788 906 4871 patitur.
1332 4785 1394 4851 Hh
1650 4789 1751 4867 ingra-
2060 4796 2063 4805 ’

87 4819 208 4948 βοαθὶ
227 4868 905 4961 10Q0ff0·P²¹'²b⁰1icumrc⁰mi¹¹ditn⁶¹
977 4901 1027 4965 (ἰ)
1041 4902 1110 4952 ont.
1127 4908 1248 4963 penetra
1264 4897 1346 4948 Αιίιιι.
1379 4896 1427 4960 (ι)
1442 4908 1458 4946 t
1473 4899 1538 4947 cnr·
1556 4904 1626 4954 sart.
1660 4897 1752 4965 (s)1u
1931 4812 2059 5301 f

603 3655 694 3718 ilium
710 3652 772 3717 Dei
790 3657 927 3721 nonesse
959 3676 1016 3741 que
1040 3658 1312 3741 pertradtandum,
1340 3659 1511 3722 continent.
1560 3658 1591 3721 Is
1609 3656 1707 3740 igitur
1727 3657 1759 3721 in

940 4963 1173 5028 comumnes.
1185 4965 1357 5032 somnust.
1364 4957 1449 5029 Just.
1460 4975 1525 5022 ιιι.
