4134 5559
388 234 471 311 Du
507 232 697 312 STYLI
732 228 970 309 SANCTI
1007 228 1490 317 CERTITUDINE.
1690 272 1757 345 ¹¹9

94 374 239 446 pretam
259 352 446 440 ireceffrriaei
464 355 556 435 plani
573 351 626 435 effe
646 351 859 426 traditionem,
883 348 923 421 ὼ
948 348 1081 440 Interim
1103 369 1207 417 tanien
1230 357 1374 440 quasdam
1388 358 1615 440 inaliislocis,
1636 380 1672 430 ex
1685 387 1754 431 ver.

103 445 267 507 dodrinani
289 437 509 518 transcriptum.
551 437 627 503 adei
641 436 715 495 enim
731 430 769 513 est
783 431 921 513 ambigua
949 430 998 494 bis
1019 434 1052 496 δι
1075 433 1232 523 phrasibus
1250 439 1371 514 oboriri
1385 440 1604 520 difficultates,
1625 468 1752 512 nonne.
1790 460 1793 465 ·

103 525 206 606 lingna
221 523 278 607 ista
292 565 305 599 ,
329 533 366 583 iit
379 517 462 582 reda
470 515 514 599 ſsi
520 516 589 601 feri
591 517 739 603 sistentia
752 559 763 589 ,
792 534 851 597 que
864 536 922 577 ιιιιι
949 533 1075 598 gamus,
1097 516 1208 602 quibus
1226 538 1332 609 ¹tamen
1346 523 1554 591 rationemors
1570 527 1754 611 proferenda

97 607 183 691 paffii
195 609 228 668 iii
240 603 381 683 dinrrfiis.
400 602 456 668 iiiii
470 604 558 664 etiarn
572 598 836 679 coenariotfiiisiis
852 618 919 657 uer·
947 597 1071 688 medela
1096 599 1240 664 adhiberi
1260 604 1367 686 potest.
1407 606 1511 689 Igitur
1528 629 1558 693 ι.
1580 610 1752 689 άίβιιιιιιιιι-

104 695 150 765 ii,
166 688 222 768 rifi
234 685 312 768 aisti
326 683 450 745 traditio
461 682 502 754 (ι’
513 684 641 744 diesin
656 684 729 742 vine
742 682 858 768 vocis,
901 698 921 738 e
945 677 1013 740 dein
1040 698 1121 770 inter
1139 676 1305 766 Scriptura
1326 688 1418 750 sacra
1439 688 1636 754 literaturam
1647 677 1753 775 fiisitn-

103 771 235 850 ‘istam
263 785 362 829 mm
387 763 428 836 θ’
458 777 566 826 ‘mm
582 761 709 844 smfi‘m·
751 758 830 823 ΗΜ
876 759 917 821 le·
946 760 1010 833 Υἱὲ,
1033 764 1162 826 &inter
1176 764 1306 829 eandem
1318 769 1526 848 eumlegiiiinis
1536 771 1755 854 Scripturarunr

103 850 232 917 Vetbm
256 847 278 911 si
297 843 476 929 Scripturas
492 841 696 928 sacrosanstas
711 840 757 905 ita
770 837 919 905 accusisse
944 842 1191 922 interpretationis
1218 850 1317 909 mediis
1344 849 1576 918 confideratam.
1613 854 1756 919 Obscura

102 930 259 1004 sufficiat,
278 926 349 1021 quis
362 944 464 990 teitus
477 924 541 989 erit
559 923 734 997 innocens,
753 922 834 987 &ab
849 942 918 1014 ani·
946 923 980 1011 ὃς
1000 923 1149 1007 ambigua
1169 926 1272 1009 primi
1287 927 1392 993 fronte
1408 932 1549 1016 quadam
1566 934 1597 997 in
1611 932 1680 999 Scri
1706 956 1753 999 tu.

102 1013 263 1097 biguitate
282 1006 458 1072 immunis?
486 1004 679 1071 Videbimus
692 1002 766 1107 ergb
783 1047 795 1076 ,
814 1024 855 1067 ati
869 1023 919 1067 vis
945 1020 988 1092 ris
1002 1002 1133 1081 haberi,
1154 1027 1215 1071 non
1230 1008 1431 1091 inficiamur,
1451 1011 1633 1079 sinimirum
1647 958 1753 1081 solita-

103 1095 248 1180 quadam
275 1108 366 1155 tanto
392 1086 461 1152 iulit
491 1087 617 1174 Jesuita
641 1089 822 1167 a’yuhnitari.
865 1083 916 1149 Ut
945 1084 991 1146 rie'
1016 1089 1050 1150 &
1070 1087 1192 1152 seorfim
1217 1106 1319 1157 textus
1342 1091 1539 1174 inspiciatur:
1561 1097 1754 1163 assidebito

101 1173 276 1240 commoda
287 1170 410 1236 ratione
424 1168 493 1234 fieri
506 1168 539 1232 id
553 1171 660 1252 pollis,
680 1170 741 1230 iiia
750 1165 916 1230 constitue·
943 1164 1041 1255 modo
1051 1168 1297 1246 consideretur,
1324 1170 1344 1236 si
1358 1174 1388 1236 le
1412 1173 1505 1241 itima
1518 1177 1754 1262 interpretatio·

101 1279 172 1322 mus
185 1257 241 1321 hic
256 1252 400 1318 membra
417 1296 429 1325 ,
457 1269 492 1314 ut
516 1270 545 1315 i.
558 1249 593 1312 lit
606 1251 649 1314 rii
657 1249 807 1331 κρινομέιιι
820 1248 917 1326 linia,
944 1265 991 1337 nis
1010 1248 1118 1339 media
1133 1251 1339 1317 adhibeantur
1354 1298 1365 1328 ,
1389 1193 1413 1317 ii
1428 1277 1539 1340 prater
1554 1257 1690 1324 fontium
1705 1262 1753 1325 in.

101 1343 152 1402 seu
166 1330 657 1419 staturiantroverfiaeriiistitiiiio.
699 1349 730 1396 ι.
750 1333 804 1409 ric
817 1329 917 1404 liseur
945 1343 1139 1404 tuitionem,
1177 1336 1211 1397 ur
1244 1334 1476 1401 idiotisniorum
1505 1341 1752 1424 cognitionem,

100 1417 296 1497 κατασκευὴ,
310 1410 722 1496 senientiaenostraprnbatio.
762 1428 792 1493 3.
808 1416 851 1476 rii
863 1415 915 1476 iii·
945 1407 1023 1472 ordo
1050 1415 1083 1476 dc
1106 1413 1282 1489 connexio,
1312 1421 1346 1482 δι
1369 1418 1628 1497 circumstantia,
1649 1443 1752 1486 arten.

98 1502 245 1584 ποιμένι
258 1497 356 1575 λύσις,
375 1495 543 1578 &edorum
555 1492 889 1576 Jefiaitictruinfiilatio.
944 1488 1055 1554 dantur
1071 1537 1082 1567 ,
1110 1494 1129 1555 fi
1155 1496 1211 1559 alii
1234 1496 1296 1560 loci
1313 1499 1455 1581 paralleli
1472 1500 1672 1567 conferantur
1686 1510 1752 1570 &c,

866 1597 871 1606 ·
944 1571 1018 1663 thiri
1037 1572 1165 1639 demitm
1188 1577 1371 1644 obscuritati
1394 1585 1428 1646 δι
1451 1584 1651 1667 ambiguitati
1675 1606 1755 1676 pra-

287 1697 340 1760 Μ
354 1698 385 1762 Ε
403 1694 455 1766 M
469 1694 498 1760 B
511 1693 540 1759 R
559 1694 596 1760 v
613 1690 666 1757 M
702 1691 728 1757 J
942 1654 1139 1744 sentillimum
1170 1678 1311 1752 paratum
1343 1661 1384 1725 est
1413 1664 1596 1729 remedium.
1640 1665 1754 1730 Videri
1843 1686 1850 1695 ¹

261 1756 264 1761 ’
722 1745 731 1763 ·
945 1734 1071 1876 ἒιιιάιιιι
1085 1742 1174 1828 possit
1190 1740 1250 1802 hoc
1263 1742 1363 1824 ipsum
1372 1744 1454 1808 velle
1464 1744 1644 1821 Hunilaus,
1658 1769 1755 1832 quan·

495 1871 500 1879 .
838 1890 845 1904 ι
966 1834 987 1877 0
1010 1836 1040 1879 in
1066 1838 1132 1897 uit,
1159 1837 1272 1883 textrini
1292 1826 1465 1887 Hebraicum
1489 1828 1540 1910 ff
1562 1830 1752 1910 ambiguum,

199 1899 233 1963 T
258 1897 362 1961 nostra
387 1896 426 1959 de
450 1893 639 1960 certitudine
660 1910 753 1976 atque
771 1893 916 1985 claritate
944 1896 1000 1976 nist
1015 1839 1092 1982 ariste
1112 1906 1233 1964 iraditio
1246 1904 1286 1974 in
1299 1906 1431 1967 didesia
1445 1910 1518 1971 viva
1533 1914 1627 1983 vods,
1647 1932 1706 1992 qua
1720 1935 1751 1974 o·
1786 1898 1899 1973 ‘'pls“
1952 1942 1958 1952 ·

205 1987 360 2063 (quoium
374 1998 464 2042 unum
482 1998 554 2040 cum
569 1976 671 2066 altero
683 1973 850 2066 necessariis
863 1993 917 2036 co·
935 1979 1056 2056 strider
1080 2003 1177 2044 verum
1190 1983 1230 2055 ἀι
1244 2001 1353 2046 corinna
1359 1987 1480 2066 sensim.
1522 1985 1584 2053 Sed
1600 1993 1678 2054 latet
1696 2012 1750 2054 an.
1762 1976 1878 2075 {fistopes

103 2065 220 2134 haret)
246 2061 338 2145 styli,
367 2054 639 2151 iOSpiritusannilo
655 2074 687 2118 in
698 2050 868 2149 Scripturis
882 2077 915 2119 u·
944 2060 1013 2142 guis
1032 2062 1063 2153 in
1078 2062 1190 2155 herba:
1213 2084 1268 2146 pei
1280 2064 1358 2130 viva
1375 2068 1457 2157 enim
1475 2071 1562 2133 vocis
1575 2041 1862 2154 doslrinainscnplsi.

103 2144 244 2227 surpati,
265 2147 419 2207 sententia
430 2141 487 2205 fiat
499 2135 916 2227 dilucidioi,sequentiave-
944 2159 1006 2231 iton
1029 2141 1184 2235 intelligit
1194 2145 1319 2220 sanam,
1342 2148 1450 2213 avitis
1464 2149 1675 2226 Θειδιδιίκτιις,
1697 2154 1896 2227 adnatans·

104 2228 203 2291 limus
214 2224 385 2289 observari.
428 2242 454 2286 1.
476 2219 709 2301 Distinguendum
731 2236 916 2311 interroces
944 2221 1188 2311 miniculoviva
1204 2227 1308 2300 vocis,
1331 2249 1366 2292 eii
1381 2228 1446 2311 ipsa
1461 2229 1623 2314 Scriptura
1638 2232 1753 2299 faciam
1762 2216 1855 2268 ΝΜ·

105 2309 259 2391 fingulas,
280 2305 313 2368 in
331 2307 361 2368 se
374 2323 411 2366 ac
424 2306 523 2387 perse
538 2299 761 2390 confideratas,
784 2302 929 2391 &inter
956 2306 1238 2396 nterpretationcm
1256 2351 1266 2380 ,
1294 2307 1372 2385 sed,
1401 2330 1435 2374 ut
1460 2310 1493 2373 in
1507 2313 1754 2396 precedentibus

106 2389 232 2453 easdem
255 2404 424 2463 connexas,
454 2387 489 2449 δι
510 2381 594 2446 certi
617 2379 748 2472 periodo
768 2381 912 2465 digestas.
943 2382 1099 2468 loquitur,
1118 2390 1279 2450 doarium
1297 2412 1352 2452 ιιι
1360 2395 1521 2474 sirpeam,
1543 2394 1605 2457 hoc
1621 2395 1681 2470 est,
1702 2416 1754 2460 to-

105 2471 249 2546 Demus,
267 2488 377 2544 voces,
395 2463 566 2549 prasertim
580 2462 773 2535 Hebraicas,
794 2466 917 2547 separa·v
943 2482 1009 2529 tam
1028 2487 1168 2530 errorum
1192 2467 1454 2547 Pontiiiciorum‚
1476 2494 1551 2556 quas
1564 2476 1756 2544 traditiones

104 2555 169 2615 tim
190 2548 395 2614 confidemtas
418 2552 428 2620 (
464 2542 597 2628 racipui
610 2543 775 2636 habsque
795 2543 915 2628 pannis
945 2548 978 2609 δι
1000 2548 1129 2640 verbum
1150 2548 1246 2613 DEI
1267 2570 1328 2614 non
1350 2554 1681 2641 scriptum'appellare
1703 2562 1753 2623 [ο.

103 2632 306 2713 scribantur)
325 2628 430 2694 varias
441 2567 561 2691 babere
583 2623 851 2710 significationes,
879 2628 913 2691 δι
942 2625 1024 2701 lent,
1050 2633 1212 2694 sentinam.
1255 2653 1288 2714 4.
1310 2634 1545 2716 Dssinguendiiin
1568 2639 1651 2705 inter
1675 2639 1755 2705 lite.

104 2712 167 2778 esse
185 2711 365 2795 ambiguas:
387 2707 464 2794 quid
477 2709 538 2773 hoc
555 2704 594 2771 ad
607 2707 730 2770 easdem
743 2724 906 2783 connexas,
942 2726 1077 2773 ratumm
1089 2707 1159 2775 Scri
1183 2716 1476 2795 turaesacrosandla,
1497 2721 1632 2803 respeciu
1652 2721 1755 2802 DEI,

105 2794 188 2880 quid
202 2796 242 2857 ad
256 2793 411 2876 integram
423 2789 588 2874 periodum
604 2790 638 2852 di
653 2801 850 2879 contextum?
876 2790 912 2853 ln
945 2791 978 2853 δι
997 2792 1131 2884 respeiiu
1154 2732 1339 2869 dominum,
1366 2797 1600 2866 confidemtam.
1644 2802 1753 2870 Voces
1819 2861 1822 2865 .

104 2880 172 2942 hoc
191 2875 276 2938 enim
288 2895 325 2938 eii
339 2876 452 2956 scopo,
474 2892 511 2934 ex
523 2866 825 2960 antecedentibus&
840 2889 913 2934 con·
946 2872 980 2934 &
1000 2889 1176 2947 orationes,
1205 2873 1225 2937 li
1243 2895 1308 2959 qua
1321 2877 1466 2943 videntur
1481 2881 1567 2943 ambi
1593 2904 1636 2946 ua
1653 2902 1749 2969 atque

101 2957 319 3050 sequentibus,
341 2975 380 3018 eii
394 2950 650 3025 circumstantiis,
672 2948 915 3036 exadditispun·
943 2951 1100 3041 ¹obscuras,
1129 2957 1206 3020 tales
1223 2959 1309 3031 sunt,
1333 2979 1395 3023 non
1411 2960 1533 3024 ratione
1574 2963 1670 3039 El,
1694 2966 1748 3050 qui

105 3042 185 3112 ciis,
211 3044 222 3110 s
232 3058 298 3122 qua
321 3033 486 3098 Gordonus
503 3032 539 3096 >in
554 3035 605 3096 suo
619 3030 681 3094 hoc
696 3031 828 3096 discursu
843 3055 914 3117 per·
945 3031 1016 3097 illas
1035 3033 1165 3100 dislavit
1182 3081 1192 3110 ,
1221 3057 1277 3099 nec
1299 3040 1436 3122 respciiu
1450 3040 1540 3125 ipsius
1553 3037 1719 3128 Scriptura
1734 3091 1750 3122 ‚

129 3140 268 3185 erantne
290 3116 388 3201 tigit)
403 3121 437 3180 δι
451 3111 914 3204 aliisadminiculisfittnanife-
968 3135 1012 3178 ua
1035 3116 1075 3178 est
1092 3137 1160 3209 voi
1179 3119 1291 3189 DE13
1314 3120 1363 3183 sed
1377 3124 1499 3205 respersu
1511 3125 1672 3205 bominum,
1692 3129 1747 3211 qui

105 3145 211 3274 hun,
240 3138 372 3283 reiiquis
390 3193 832 3288 significationibus-remotis,
853 3198 913 3262 uni
944 3134 1060 3259 pensum
1072 3192 1240 3282 Scriptura
1257 3202 1458 3286 &loquelam
1467 3204 1615 3269 DElnon
1629 3211 1690 3271 sem
1715 3229 1752 3272 er

105 3282 193 3348 certi
208 3278 466 3365 aliquislandum
484 3273 553 3340 esse.
596 3273 750 3357 Captatur
762 3275 851 3358 hujus
866 3299 911 3341 ret
942 3276 1167 3361 assequuntur,
1212 3290 1296 3365 quod
1324 3303 1429 3348 tamen
1456 3305 1516 3349 non
1537 3288 1629 3370 culpa
1656 3229 1751 3371 ipius

105 3363 288 3445 exemplum
309 3382 345 3424 ei
365 3357 527 3425 literatura
547 3356 703 3419 Romana.
746 3357 818 3421 Vox
845 3359 911 3422 inl·
942 3354 1110 3450 Scriptura
1123 3362 1177 3436 fit,
1197 3362 1250 3426 sed
1264 3365 1356 3447 culpa
1369 3365 1505 3429 hominis
1518 3368 1624 3433 natuti
1641 3371 1751 3446 coeci,

100 3465 156 3532 per
174 3441 316 3507 solitarii
331 3440 518 3504 considerata
536 3442 570 3502 ἃ
585 3438 698 3499 animal
706 3438 835 3519 terrestre
842 3484 853 3515 ,
876 3445 910 3505 δι
942 3439 1043 3502 sludio
1054 3441 1157 3524 pigri,
1176 3443 1311 3519 horest,
1335 3446 1387 3531 qui
1401 3466 1458 3509 neo
1478 3446 1752 3516 illuminationem

20 3580 26 3593 .
107 3528 248 3595 hominm
266 3523 391 3666 affetum
411 3520 431 3585 li
455 3519 578 3595 nificat,
598 3523 632 3583 δι
645 3517 699 3610 illa
711 3519 752 3582 est
764 3520 913 3601 ὁμώνυμος
941 3517 1079 3605 Spiritus
1098 3523 1191 3587 sandi
1212 3525 1322 3589 debito
1342 3525 1437 3589 modo
1458 3527 1559 3611 petit,
1585 3550 1643 3594 nec
1661 3527 1749 3596 Scri·

107 3627 202 3692 atque
222 3626 274 3669 am
298 3604 380 3688 iguo.
458 3601 524 3666 tin
537 3596 764 3690 propositione,
785 3602 910 3666 Hares
964 3621 1048 3667 tuias
1075 3605 1185 3669 debito
1213 3605 1312 3671 studio
1332 3605 1413 3690 legit
1431 3628 1467 3670 ac
1489 3609 1671 3676 meditatur.
1713 3610 1770 3692 μ’

29 3729 32 3733 ›
106 3690 146 3770 est
165 3688 291 3769 uulpes,
322 3684 400 3748 Luc.
421 3701 471 3768 13:
490 3701 546 3773 3-2.
575 3681 768 3780 perspicuum
783 3683 823 3744 est
833 3726 843 3756 ,
865 3703 912 3745 re·
975 3704 1081 3776 emum
1107 3685 1266 3760 addimus,
1289 3687 1366 3750 licet
1380 3689 1411 3751 in
1429 3689 1626 3773 quibusdam,
1648 3692 1751 3780 iisque

107 3788 200 3834 mota
220 3768 318 3831 altera
338 3763 576 3849 fignificatione,
595 3781 655 3845 qua
674 3763 792 3825 animal
816 3782 912 3827 terre·
941 3785 1048 3846 paucrs
1072 3761 1238 3849 Scriptura
1261 3769 1341 3834 locis
1354 3789 1454 3834 certus
1470 3771 1635 3836 verborum
1649 3778 1750 3843 sensus

107 3852 168 3916 lire
188 3854 223 3914 δι
245 3847 417 3933 quadrupes
435 3864 541 3922 notat,
560 3861 685 3906 manere
695 3861 820 3933 ⁸tantum
833 3846 911 3909 alte·
940 3844 1118 3928 apodidice‘
1140 3850 1322 3925 monstrari,
1350 3855 1385 3915 &
1397 3850 1484 3915 uino
1498 3854 1594 3917 modo
1606 3857 1672 3919 erui
1686 3878 1750 3921 non

51 3987 60 3996 .
108 3952 180 3994 ram
200 3928 312 4003 istam,
340 3925 613 4013 metaphoricam,
648 3923 703 3986 tibi
723 3925 912 4016 ambiguitas
941 3932 1049 4010 possit,
1071 3929 1209 3995 sufficere
1223 3951 1348 4007 tamen,
1369 3932 1389 3994 ii
1407 3954 1498 3999 unam
1511 3933 1746 4028 interpretatio·

106 4010 217 4076 omnis
234 4011 274 4074 est
292 4008 423 4073 sublata.
464 4007 526 4072 Par
548 4024 660 4069 vocum
683 4003 913 4072 hebraicarum
941 4029 1011 4071 nem
1026 4010 1119 4073 alteri
1133 4032 1194 4075 non
1212 4012 1382 4097 refragari,
1404 4017 1454 4078 sed
1464 4017 1569 4100 plures
1585 4016 1657 4082 illas
1673 4039 1746 4084 ana·

106 4094 146 4157 in
161 4092 237 4156 Vct.
253 4095 286 4155 8t
303 4092 483 4155 Graecarum
506 4087 538 4151 in
554 4086 639 4177 Nor.
657 4085 742 4150 Tei.
757 4090 774 4150 a
790 4082 911 4170 Spiritu
940 4089 1031 4174 logia
1046 4088 1119 4153 fidei
1132 4112 1301 4178 congruas,
1328 4096 1489 4182 textuique
1503 4095 1681 4163 conformes
1698 4103 1747 4164 es·

104 4173 213 4239 sandio
232 4176 463 4254 usurpatam,
485 4168 524 4233 est
546 4187 640 4231 ratio.
684 4186 711 4231 2.
729 4167 910 4252 Distinguen-
940 4174 986 4245 se,
1014 4171 1199 4237 ostendatur.
1242 4176 1353 4261 Neque
1373 4196 1479 4241 tamen
1492 4178 1567 4242 hinc
1586 4182 1675 4243 conse
1699 4182 1749 4245 ui-
1867 4186 1869 4191 '

103 4259 176 4319 durii
194 4253 277 4318 inter
284 4250 451 4317 necessaria
465 4249 537 4314 fidei
553 4250 720 4339 dogmata,
764 4270 819 4315 uos
831 4255 910 4323 ιιιὶ.
939 4271 990 4316 tur
999 4295 1010 4326 ,
1021 4253 1121 4334 piures
1133 4254 1255 4338 ej'usm
1269 4259 1324 4320 loci
1340 4258 1442 4320 liibiiei
1455 4262 1524 4331 deri
1532 4260 1641 4343 senfin.
1695 4284 1748 4332 am

103 4339 184 4402 calos
196 4336 271 4418 fidei
288 4353 403 4400 uocare
424 4333 556 4396 solemus
565 4375 583 4422 ,Ι
599 4335 637 4394 &²
653 4350 735 4394 inter
742 4270 911 4398 historicas
940 4353 1013 4426 unus
1027 4332 1153 4417 quidem
1171 4336 1567 4422 proprius&immediatus
1580 4340 1748 4408 verborum

102 4419 222 4485 aliasve
230 4412 397 4500 Scriptura
416 4416 505 4477 sacia
518 4431 693 4505 pericopas.
735 4416 911 4506 maculifi·
938 4414 1105 4507 Scriptura
1130 4418 1228 4483 sensus
1244 4420 1301 4498 est,
1324 4424 1336 4494 s
1345 4438 1379 4485 ut
1393 4420 1471 4484 alibi
1488 4421 1542 4488 otiu
1555 4426 1624 4502 Θεῷ
1633 4426 1748 4508 proba·

102 4503 169 4574 dei,
202 4498 236 4561 in
257 4497 394 4591 piopriis
413 4495 472 4560 suis
493 4493 638 4568 sedibus,
664 4514 725 4557 non
745 4494 910 4572 obscuris,
939 4516 1005 4561 tum
1020 4495 1182 4580 dabimus)
1208 4500 1336 4567 interlin
1350 4502 1466 4567 inobis
1480 4502 1507 4566 is
1518 4504 1583 4586 ipse
1594 4525 1656 4567 non
1668 4509 1748 4570 sem·

100 4600 160 4645 nec
183 4580 342 4664 ambiguis
362 4576 414 4642 sed
436 4576 619 4661 perspicuis,
640 4575 796 4668 propriis,
810 4579 853 4667 ,δι
869 4577 910 4641 ab
939 4600 997 4664 per
1015 4579 1079 4643 erui
1100 4581 1224 4662 potest:
1254 4604 1316 4669 quo
1338 4583 1370 4648 in
1391 4583 1522 4669 negotio
1532 4585 1680 4660 secundi,
1700 4588 1749 4659 uti

99 4660 190 4727 oinni
212 4659 422 4744 ambiguitate
447 4657 558 4724 alienis
576 4656 681 4722 verbis
696 4679 728 4720 in
748 4652 911 4740 Scriptura
939 4661 1075 4734 dicitur,
1096 4662 1297 4747 navigatione
1311 4665 1478 4741 utendum,
1501 4669 1535 4731 &
1550 4665 1616 4731 dua
1629 4669 1750 4734 veleti·

95 4761 335 4830 proponuntur,
365 4760 443 4826 quos
463 4739 558 4804 etiam
579 4735 911 4830 quivistsedulusScri·
938 4764 991 4807 am
1005 4744 1110 4828 plures
1122 4742 1188 4809 inte
1226 4747 1395 4813 retaiiones
1409 4746 1464 4810 fibi
1479 4748 1750 4814 invicemconfor·
1829 4773 1835 4785 ·

96 4846 199 4909 ptura
219 4821 319 4887 ledor
337 4821 515 4905 intelligere
525 4826 542 4894 ¹,
571 4820 712 4885 &exiis
726 4821 766 4884 ad
780 4822 909 4887 salutem
938 4846 1005 4890 mes
1026 4824 1196 4909 conjungen
1221 4832 1336 4893 asunt.
1378 4831 1450 4912 Quo
1462 4829 1671 4914 pulcherrima
1684 4832 1750 4895 llu-

96 4926 251 4974 aternam
261 4903 370 4987 doceri
384 4923 421 4971 ac
435 4900 909 4991 informarisufficienterpotesi.
938 4906 1051 5003 gussini
1071 4907 1168 4977 verba
1189 4911 1372 4996 pertinent,
1394 4910 1457 4977 lib.
1481 4928 1512 4998 3.
1541 4909 1581 4976 de
1605 4910 1750 5057 docfflrna

1721 5011 1751 5056 ι.
