4134 5559
1003 262 1193 340 DE
1296 214 2781 365 STYLOPAJJLINos
3411 256 3569 368 '¹59'

240 381 432 467 (71.)
475 380 584 447 De
624 381 862 465 στίχοις
895 382 1093 468 igitur
1127 384 1257 450 istis
1284 428 1307 457 ‚
1366 382 1569 469 deque
1606 380 1863 445 illorum
1926 380 2136 447 verint
2166 425 2188 457 ‚
2247 382 2276 463 (
2337 401 2478 444 uem
2530 379 2595 443 in
2639 400 2821 445 unam
2851 379 3197 448 'collessum
3252 383 3560 456 summam

235 487 497 532 numero
522 463 677 552 quid
704 464 1089 531 sentiendum
1116 478 1142 529 ἓ
1180 471 1387 549 στίχοι,-
1410 464 1476 528 in
1493 485 1559 528 re
1581 463 1867 527 literaria
1924 463 2002 526 ad
2037 401 2745 553 calcemqlipistplarurn
2785 463 3156 547 singularum
3232 470 3555 545 osuerun't)

234 552 457 631 versiam
488 548 531 612 fi
575 546 799 611 nificat
823 547 925 611 seu
941 550 1279 631 periodum:
1325 546 1603 632 itemque
1626 547 1862 606 lineam.
1928 544 2206 630 itemque
2237 564 2302 606 in
2331 542 2858 628 descriptionibus
2887 545 3010 611 suis
3057 546 3196 610 sedu
3224 548 3258 611 ὃ
3302 550 3418 613 hac
3467 553 3556 617 ufi

233 623 360 694 Sed
386 630 515 715 Epi
570 629 820 693 olarum
845 633 1051 695 versus
1082 630 1354 715 intelligi
1385 650 1508 692 non
1594 625 1790 690 offunt
1841 670 1864 700 ,
1928 624 2162 690 fuerint
2194 626 2475 699 cautela,
2519 645 2585 689 ut
2611 626 2860 710 lingulis
2884 629 3553 715 gvawoypazmqalineis,

239 714 385 796 quia
410 712 493 777 ad
525 710 759 798 pofitos
796 718 918 779 τῶν
957 717 1075 779 στί
1109 738 1181 779 ων
1227 730 1518 777 numeros
1594 709 1865 794 audqua-
1925 708 2167 793 fingulae
2192 711 2256 775 ἐν
2283 710 2620 790 ἀπογρίφῳ
2647 709 3123 793 responderent,
3165 709 3364 776 donec
3401 734 3551 799 pro-

284 817 419 861 nam
444 795 807 858 ascendunt.
889 795 994 879 Qu
1111 793 1161 857 {i
1201 793 1569 878 conjedlmrae
1612 791 1718 854 hic
1767 788 1863 852 in·
1926 790 2124 875 greffu
2168 791 2479 874 temporis
2522 791 2901 873 (praesertim
2944 790 3076 874 post
3106 811 3308 857 artem
3338 794 3555 861 invem

236 815 619 963 dulgendum
664 876 784 951 est,
838 875 1125 940 denotari
1170 876 1286 941 ina
1342 872 1863 959 subscriptionum
1930 892 2064 936 tam
2095 872 2659 958 typographicam,
2703 893 2837 958 quae
2879 871 3321 945 exastiffimam
3364 876 3548 949 illam
3631 910 3636 924 ·

232 980 410 1045 parte
435 958 721 1025 arbitror
750 958 934 1020 lineas
961 1002 985 1032 ‚
1048 977 1204 1041 quot
1240 958 1540 1022 nimirum
1583 974 1864 1037 unaquae-
1927 955 2006 1017 ad
2027 959 2032 969 '
2053 958 2439 1039 ἀυτόγροεφον
2483 955 2866 1019 exscribendi
2917 953 3230 1020 rationem
3307 958 3553 1028 imitari

279 1064 351 1106 ue
383 1039 676 1126 Epistola
719 1039 783 1101 in
824 1041 1213 1123 autographo
1255 1037 1588 1111 habuerit,
1645 1033 1869 1120 nempe
1930 1037 2180 1121 nequit)
2226 1056 2365 1122 mos
2391 1036 2502 1099 ille
2524 1037 2929 1102 exolesceret.
3008 1033 3133 1102 Sed
3165 1038 3230 1101 in
3262 1060 3325 1102 re
3357 1042 3566 1112 dubia,

233 1062 483 1190 puerunt
512 1124 576 1186 in
610 1119 807 1205 Epist.
845 1141 896 1185 ι.
952 1123 1037 1183 ad
1056 1121 1380 1185 Corinthios
1419 1120 1597 1204 linqae
1633 1115 1772 1197 870.
1801 1116 1867 1178 in
1928 1117 2348 1197 conjecturam
2372 1118 2566 1183 modo
2591 1139 2762 1203 pono
2791 1163 2814 1195 ,
2872 1138 3113 1185 certam
3156 1121 3235 1190 ab
3279 1124 3430 1189 aliis
3452 1147 3555 1190 ex-

233 1206 746 1274 2.adC0rintbios
776 1201 964 1275 lineae,
987 1219 1138 1289 530.
1223 1204 1299 1266 In
1348 1200 1531 1348 Epsaest.
1576 1202 1657 1263 ad
1680 1200 1866 1262 Gala·
1894 1177 2191 1314 {prestabo
2235 1200 2651 1264 sententiam:
2706 1199 2810 1266 Ut
2832 1202 3069 1276 etiam,
3116 1204 3295 1287 cujus
3316 1206 3551 1291 adpofi-

233 1305 327 1353 tas
357 1288 545 1353 lineae
580 1303 721 1370 233.
765 1286 833 1349 &
866 1283 945 1347 fic
976 1284 1041 1346 in
1069 1284 1335 1349 caeteris.
1467 1282 1642 1345 olent
1660 1280 1867 1344 nobis·
1895 1319 1902 1389 ¹
1927 1303 2006 1349 tae
2052 1283 2178 1346 illae
2220 1285 2566 1346 numerales
2614 1300 2776 1348 notae
2816 1284 2930 1348 fint
2979 1281 3416 1368 antiquita-tis,
3475 1293 3548 1355 δε

235 1391 369 1435 cum
404 1370 614 1432 etiam
651 1365 934 1451 quoedam
968 1365 1229 1450 scripta,
1273 1365 1577 1430 linearum
1609 1381 1869 1427 numero
1897 1399 1900 1406 ·
1925 1387 2004 1429 an
2031 1363 2210 1429 Bezae
2263 1366 2324 1427 su
2374 1363 2439 1425 r‘a
2477 1363 2737 1447 positam
2783 1367 2984 1431 subire
3019 1385 3374 1433 mereantur
3400 1391 3545 1436 cen-

231 1451 293 1516 in
320 1452 617 1535 margine
648 1467 948 1512 annotato
988 1454 1005 1524 ζ
1075 1447 1370 1512 raesertim
1397 1445 1698 1524 metrica)
1725 1465 1867 1509 exa·
1922 1452 2125 1513 suram
2146 1490 2170 1521 ,
2212 1467 2318 1511 eru
2366 1443 2664 1510 itioribus
2691 1445 2976 1534 relinquo
3003 1446 3451 1518 trutinandum.
3532 1437 3550 1453 ⁴

234 1533 352 1598 rari
391 1537 464 1597 &
499 1531 674 1617 typis
700 1528 942 1593 excudi.
1096 1550 1178 1592 on
1205 1528 1395 1613 igitur
1424 1525 1690 1593 dubium
1726 1526 1809 1589 est
1840 1570 1863 1600 ‚

233 1615 377 1701 quin
410 1615 822 1698 ἀπογράφων
848 1609 1041 1674 etiam
1075 1610 1492 1701 Epistolarum
1536 1606 1863 1692 Apostoli-
3041 1658 3045 1662 .

233 1719 441 1761 carum
473 1694 677 1758 lineas
704 1736 726 1766 ‚
782 1692 848 1755 in
881 1711 1207 1757 numerato
1241 1691 1607 1778 primitivae·
1634 1688 1860 1753 Eccle·
1998 1690 2279 1757 FINIS
2319 1690 2597 1754 LIBRI
2643 1690 2941 1752 PRIMI
2964 1738 2986 1769 ‚
3042 1692 3169 1756 DE
3215 1696 3387 1761 SCR
3405 1694 3475 1773 lej

233 1778 319 1842 fiae
351 1778 453 1862 pii
511 1774 820 1841 Dostorcs
863 1772 1189 1837 habuerint
1219 1819 1241 1847 ,
1298 1789 1744 1855 numerumque
1788 1771 1855 1835 in
2029 1817 2034 1822 ·
2168 1774 2222 1838 Ρ
2248 1772 2370 1837 TU
2377 1774 2518 1834 RAE
2597 1772 2829 1834 SACR
2850 1773 2925 1832 AE
3001 1775 3298 1860 STVLQ

233 1862 337 1926 ori
376 1858 687 1946 Epistolae
715 1877 829 1941 per
848 1858 1138 1939 quinarios
1171 1857 1272 1921 vel
1308 1857 1576 1919 denarios
1602 1854 1851 1937 affigna·
2318 1855 2376 1918 E
2387 1855 2446 1917 T
2471 1854 2523 1917 L
2541 1855 2580 1918 1
2591 1853 2712 1925 TE
2728 1853 2782 1916 R
2797 1856 2852 1917 A
2873 1854 2991 1917 TU
2996 1857 3046 1921 R
3067 1861 3140 1921 A.
