4134 5559
321 251 371 347 ,ι
639 216 1664 325 L1o.1.rnocu.11.uaruxrus

321 363 400 425 hanc
425 362 584 437 heirichus
610 361 757 425 Laurent.
783 358 900 432 Valla,
929 359 968 423 de
987 357 1132 422 oratione
1165 359 1207 419 tio
1221 355 1301 422 nohis
1319 358 1462 434 tradita,
1488 360 1565 441 qaod
1581 361 1661 422 ioeat
1680 356 1798 442 quidam
1820 359 1979 441 intemplo

324 442 516 517 Dominica‚
533 442 587 506 ubi
601 443 640 505 de
654 442 788 504 clausula
801 438 1009 523 δσξσλνγνσινῇ
1024 441 1069 503 ita
1085 440 1133 501 lo·
1154 439 1254 520 faerit
1270 483 1282 515 ,
1301 442 1333 501 iro
1350 441 1532 523 prostabant
1545 443 1680 522 virgines.
1722 442 1794 504 Cim
1807 443 1899 524 igitar
1910 438 1979 526 effit

325 524 449 667 pultur:
469 524 557 587 Nihil
578 525 625 587 hic
649 522 746 585 erati
767 522 871 583 Gratis
883 523 1015 583 additam
1023 566 1035 596 ,
1047 524 1102 603 sed
1115 520 1134 582 d
1149 520 1287 601 'fisoomus
1299 522 1438 601 Pontifex
1460 520 1581 593 (Lucas
1595 518 1779 605 simpliciter
1793 521 1979 585 Sacerdotem

355 608 444 668 arinis
462 608 641 668 detratium,
678 602 858 667 Huntlaeum
881 600 955 665 verb
977 622 1050 665 cum
1065 621 1136 684 gre·
1165 602 1325 683 appellat)
1345 605 1530 686 Deiporom,
1550 602 1657 683 Christo
1667 600 1737 681 jam
1749 604 1845 676 edito,
1865 607 1897 665 io
1916 605 1977 667 loeo

326 687 425 773 gariis
438 707 619 760 monemus,
641 703 675 747 ut
689 684 728 747 de
743 683 980 755 Pontificiarum
993 681 1135 766 supersti-
1166 684 1309 764 uirginum
1321 684 1443 764 statuit.
1489 682 1684 771 Qomohrem
1705 682 1806 766 Jadei
1820 687 1979 767 „indignati

325 771 466 842 tionum,
487 766 735 851 corruptelarum
750 769 784 831 &
800 764 1071 829 abominationum
1086 763 1134 826 in·
1164 765 1254 844 ipsam
1268 764 1430 828 occiderem
1446 809 1458 839 ,
1485 767 1564 848 qaod
1576 766 1745 838 mulierem,
1772 786 1832 849 que
1847 767 1977 849 peperass

258 891 263 903 ι
326 851 483 915 finitarum
505 849 657 912 horrendi
678 847 763 910 mole
782 846 959 929 abroganda
978 846 1064 927 prius
1080 865 1133 908 co·
1155 846 1225 924 sit,
1244 848 1322 907 inter
1335 849 1459 927 uirgioa
1472 843 1640 932 colioeaffet.
1684 844 1730 909 Ex
1744 866 1805 930 quo
1820 852 1976 930 patet,a

325 933 423 1016 giret,
443 931 594 1014 quamde
639 929 768 1012 ericope
789 926 854 991 anti
880 927 928 991 uis
947 926 1131 998 codicibus,
1164 923 1445 1011 TheophylailoE
1469 927 1631 1016 iphanium
1641 924 1833 1010 discrepare,
1854 928 1906 1012 qui
1917 928 1976 992 hu·

327 951 724 1101 &Scripturiscoulhormh
747 948 932 1101 exaliahtri
957 1027 1032 1073 turae
1044 1027 1132 1099 parte
1161 1005 1209 1088 jus
1229 1005 1380 1101 facinoris
1405 948 1530 1099 cuipam
1551 1028 1583 1071 tn
1607 1005 1769 1100 Herodem
1795 1009 1974 1084 transfert,

324 1094 481 1165 desumta,
504 1096 538 1157 ὅσ
562 1089 752 1156 iuetenbus
774 1028 993 1155 traslatorrhus
1013 1091 1133 1154 Grecis
1184 1108 1256 1151 uam
1271 1109 1455 1181 opmionem
1473 1108 1571 1180 ettam
1591 1087 1737 1152 nuruum
1759 1090 1836 1154 illud
1857 1091 1973 1177 jacobi

324 1174 460 1268 allegari
476 1177 509 1238 δα
526 1172 681 1258 explicati
697 1191 913 1272 conqueratur.
949 1168 1010 1237 Sed
1026 1170 1060 1234 id
1084 1171 1131 1263 in3
1163 1107 1435 1254 hroseuangehum
1451 1175 1509 1248 (in
1523 1169 1744 1314 orthodoxopr.
1757 1169 1884 1263 Parrum
1891 1192 1974 1256 part.

347 1256 410 1319 ensi
429 1254 470 1317 est
484 1254 573 1329 illis,
595 1253 648 1338 qui
663 1254 828 1317 secundum
855 1254 984 1317 uerbum
1013 1252 1131 1316 Christi
1166 1270 1194 1314 1.
1211 1248 1272 1314 fol.
1290 1251 1362 1333 84.)
1385 1253 1538 1325 recenset,
1560 1250 1666 1315 additi
1680 1272 1701 1335 p
1715 1251 1835 1316 ausrbili
1848 1255 1908 1318 hac
1924 1276 1975 1319 ra·

325 1277 394 1401 hunt
422 1336 522 1415 ὁδηγοὶ
539 1336 680 1417 svibla),
709 1338 734 1400 oi
747 1332 917 1415 δινλίζοντεα
936 1337 988 1403 τὸν
999 1336 1132 1408 κώνωπα,
1146 1300 1150 1440 h
1164 1331 1268 1405 tione,
1287 1335 1361 1416 quid
1381 1334 1540 1395 Zacharias
1555 1331 1723 1412 Johattaem
1737 1335 1863 1416 filiolum
1877 1357 1976 1398 recem

327 1421 383 1500 'tha
396 1417 427 1484 δὲ
439 1418 573 1497 κάμηλον
586 1419 813 1492 καταπιῖνοντες,
835 1415 955 1481 Matth.
973 1435 1025 1501 23:
1038 1436 1090 1498 24.
1163 1416 1271 1476 editam
1296 1415 1478 1487 occuitdrit,
1507 1435 1543 1475 ac
1563 1416 1634 1495 Regi
1652 1414 1761 1499 ejusque
1765 1415 1973 1496 satellitibus,

1143 1551 1146 1557 .
1166 1493 1299 1575 (Matth-
1313 1514 1341 1558 2:
1356 1497 1426 1577 16.)
1444 1496 1574 1585 indicate
1581 1496 1724 1569 noluerit,
1737 1497 1919 1578 quamohrem
1926 1501 1975 1560 itt·

529 1616 579 1689 ι
739 1629 797 1712 2³·
814 1637 851 1685 ι
872 1632 956 1715 ιι
1157 1575 1975 1741 ‘sommare

1160 1742 1251 1830 proph
1263 1736 1425 1815 vestibulum
1438 1740 1538 1818 templi
1551 1736 1590 1809 &¹
1603 1759 1676 1811 aaa,
1696 1740 1774 1800 circo
1785 1742 1862 1800 inter
1874 1754 1973 1821 eptam

415 1817 603 1887 Achariash
620 1817 735 1963 §ludaeis
758 1816 840 1881 inter
859 1835 924 1881 tem
950 1817 1013 1882 lum
1037 1819 1071 1882 δι
1091 1815 1137 1880 al·
1167 1820 1269 1901 ocafios
1281 1817 1342 1899 stt,
1365 1818 1474 1901 presque
1489 1820 1612 1902 singois
1625 1819 1780 1889 induratos
1792 1820 1974 1902 instoriopi·

416 1922 482 1965 rare
506 1897 618 1965 interfe
650 1920 708 1971 us,
736 1898 890 1963 dicitura
940 1897 1037 1962 hristo
1056 1898 1138 1962 silius
1166 1901 1211 1962 dis
1234 1899 1366 1982 uestibulo
1394 1901 1536 1980 adheserit
1561 1900 1626 1971 &a
1669 1899 1749 1963 Haec
1770 1899 1808 1963 de
1820 1900 1974 1986 johannis

326 1981 472 2044 Bmachie
492 2024 503 2056 ,
532 1981 606 2045 clim
629 1998 735 2044 tamen
764 2002 784 2045 2
799 1978 904 2044 Paral.
921 2000 979 2063 24:
997 1998 1052 2043 νο.
1083 1978 1137 2042 ubi
1168 1980 1312 2065 Baptista
1322 1981 1623 2063 parentelenrentia,
1637 1977 1658 2043 ss
1673 1980 1737 2043 sola
1753 1985 1785 2044 δι
1802 1980 1974 2058 veraelset,

327 2061 389 2123 hoc
406 2059 523 2126 sadlum
538 2059 747 2136 describitur,
769 2060 850 2124 silius
864 2060 1014 2142 Jehojada
1028 2062 1138 2144 appel·
1172 2066 1181 2133 (
1195 2061 1290 2125 &nih
1297 2061 1508 2125 narrationum
1519 2061 1767 2145 apocrypharum
1781 2060 1975 2127 incertitudo

327 2143 420 2206 letur.
472 2141 610 2207 Erronei
640 2142 737 2228 igitur
765 2141 798 2205 in
817 2139 974 2206 Matthaeo
994 2142 1237 2207 hierachia-eam
1260 2139 1476 2219 labesailaret)
1498 2161 1559 2204 non
1588 2141 1686 2204 textui
1711 2142 1813 2206 solum
1827 2145 1976 2228 apprime

326 2223 485 2289 scribitur.
1037 2278 1039 2282 .
1167 2221 1339 2287 conformis
1367 2222 1464 2298 esset,
1498 2223 1532 2286 in
1552 2242 1614 2306 quo
1632 2220 1706 2285 duas
1724 2229 1976 2308 σρνφντσκνσνιας

368 2304 465 2390 Resp.
489 2305 540 2370 De
555 2303 713 2380 Zacharia
725 2302 806 2376 hoc,
828 2310 919 2388 quem
933 2300 1074 2367 Christus
1091 2304 1137 2367 in·
1166 2303 1247 2388 quafi
1278 2324 1430 2369 extremos
1449 2302 1602 2368 tersuinos
1627 2302 1769 2368 Christus
1787 2306 1973 2370 constituit:

326 2402 376 2449 ter
389 2387 543 2470 templum
560 2389 593 2449 &
609 2386 708 2448 altare
720 2382 876 2457 occisum,
897 2381 1012 2467 Judaeis
1027 2405 1137 2466 expro-
1167 2387 1306 2463 Ahelem,
1333 2385 1462 2468 primb,
1490 2389 1524 2450 δε
1547 2383 1722 2448 Zachariam
1745 2384 1858 2449 ultimb
1873 2390 1908 2452 &
1924 2408 1974 2451 re·

327 2467 418 2540 brat,
440 2465 660 2530 sententiarum
679 2463 1026 2538 occurrit'diuortium,
1047 2466 1136 2546 peni·
1167 2466 1450 2549 centeroccisum:
1483 2466 1580 2538 (unde
1599 2467 1639 2530 ad
1660 2465 1782 2550 Judaeos
1801 2466 1871 2530 slim
1893 2489 1975 2552 pre-

327 2547 405 2611 tiori
420 2546 665 2611 confideratione
676 2565 737 2609 non
753 2545 925 2628 indignum.
1167 2547 1265 2612 sentes
1283 2550 1384 2612 sermo
1405 2551 1423 2609 ὲ
1446 2543 1608 2611 Salvatore
1621 2546 1683 2610 diri
1708 2547 1787 2622 itur,
1807 2548 1837 2615 io
1851 2551 1975 2626 ε’Φσνὲν·

336 2654 339 2661 ⁴
371 2648 400 2692 1.
437 2628 577 2713 Quidam
604 2624 794 2691 Zachariam
812 2640 963 2715 parentem
990 2623 1139 2705 Johamris
1166 2652 1244 2694 σασα
1261 2650 1344 2711 quem
1366 2628 1500 2710 occidosto‘s
1523 2639 1606 2707 uos:)
1633 2624 1673 2692 Se
1714 2628 1753 2691 ab
1769 2629 1856 2692 omni
1872 2631 1974 2695 etiam

325 2708 474 2789 Baptista,
494 2709 533 2770 de
570 2729 610 2772 uo
626 2708 799 2788 Lucatt5.
819 2706 1016 2790 intelligunt:
1040 2704 1134 2789 Orig.
1166 2729 1270 2771 errore
1284 2710 1334 2774 vel
1348 2707 1462 2772 mendo
1476 2710 1579 2771 locum
1595 2707 1744 2772 Matthaei
1757 2710 1876 2795 oppidi>
1889 2712 1975 2777 libe·

322 2787 417 2871 troil.
437 2809 485 2871 19.
504 2789 536 2852 in
590 2791 665 2854 arth.
682 2787 773 2853 Bafil.
788 2787 901 2851 homil.
922 2787 1033 2865 eletio
1046 2788 1136 2867 ἁγίαν
1150 2817 1155 2882 p
1168 2808 1262 2860 taret,
1303 2790 1384 2877 Quis
1403 2789 1488 2853 euim
1509 2808 1621 2880 praeter
1649 2790 1864 2866 Barachiam,
1892 2794 1977 2858 alius

325 2871 369 2937 ati
380 2873 504 2952 χριστοῦ
516 2871 648 2950 γέννησιν
662 2869 744 2934 solio
757 2887 829 2953 233.
851 2867 1138 2951 Theophylrcom-
1169 2869 1264 2933 fuerit
1287 2870 1448 2935 Zachariae
1471 2870 1555 2935 illius
1597 2890 1664 2934 ater
1677 2871 1976 3014 Slohannisllapti-

326 2968 425 3014 ment.
442 2951 474 3013 in
490 2951 610 3017 Matth.
628 2950 711 3014 solio
728 2971 798 3016 101.
819 2954 883 3014 &c
919 2947 966 3011 Ex
984 2949 1139 3039 recentio-
1168 2951 1216 3014 sla
1245 2952 1346 3034 avus)
1371 2954 1430 3015 nus
1449 2952 1513 3014 iam
1533 2891 1612 3014 alihi
1632 2969 1679 3015 tra
1703 2972 1776 3015 rtur.
1817 2954 1925 3023 Ὀιιδὲν
1942 2952 1977 3022 δὲ

236 3053 239 3060 ·
326 3032 413 3096 ribus
433 3032 584 3098 Batonius
602 3052 681 3096 tom.
702 3055 731 3097 r.
750 3030 850 3094 annal.
873 3050 955 3092 anno
969 3028 1089 3121 .C¹¹l¹st¹
1108 3050 1136 3093 1.
1166 3036 1335 3110 θαυμαστὸν
1356 2974 1473 3115 (veiha
1487 3036 1555 3121 sunt
1570 3032 1718 3117 Theoph.
1734 3033 1767 3095 d.
1783 3033 1826 3097 l.l
1851 3044 1880 3101 ti
1894 3040 1980 3106 nali

324 3113 460 3178 Tolerus
476 3112 508 3177 in
523 3110 600 3179 Luc.
611 3133 660 3177 11.
676 3129 780 3176 annot.
795 3131 846 3203 ις).
869 3109 1013 3174 Flacctus
1027 3131 1059 3172 m
1074 3112 1138 3173 cla·
1169 3114 1267 3212 strip
1283 3117 1338 3181 τοῦ
1352 3115 1495 3198 ιιρσδρόμε
1506 3120 1573 3196 rixa
1584 3116 1853 3198 σασέραΒαραχίιιν
1865 3121 1978 3194 ὀνόμα-

324 3215 364 3257 ve
377 3195 486 3279 script.
523 3213 583 3258 art.
604 3216 633 3258 1.
651 3211 790 3285 p.1193.
816 3211 849 3254 sn
865 3210 958 3283 uoce:
972 3192 1135 3284 'Templum
1166 3220 1214 3271 σι,
1233 3219 1326 3276 ωσπερ
1345 3199 1422 3261 reli
1438 3198 1468 3261 ἐν
1479 3203 1540 3269 ooie
1554 3195 1663 3261 δώδεκα
1676 3195 1857 3276 προφήταις,
1878 3200 1980 3279 Βαρα-

326 3214 1065 3367 EtadlvcrhaChristralludeusEpiphamusm
1082 3274 1138 3336 hb.
1166 3275 1435 3357 xiale'yetaouihe.
1479 3273 1649 3359 ciuitatis,
1677 3270 1769 3359 ὥσπερ
1790 3274 1833 3342 ah
1859 3276 1979 3346 τούτων

327 3357 458 3420 deustis
474 3355 704 3439 Prophetarum
730 3355 788 3429 (de
825 3376 864 3417 uo
879 3373 985 3417 tamen
1004 3354 1136 3428 libello,
1166 3360 1298 3437 ovipara
1318 3357 1516 3440 συνέδραμον,
1541 3353 1604 3424 ἕσιν
1627 3357 1678 3423 καὶ
1700 3356 1744 3422 σὰ
1765 3364 1823 3423 τῶν
1841 3359 1980 3441 σαν-ἐραν

327 3459 367 3502 an
379 3436 514 3501 authoris
529 3440 594 3521 ejus
607 3435 661 3514 fit,
681 3375 998 3509 meritbhubitatur,l
1021 3434 1060 3497 de
1072 3436 1137 3499 Za·
1166 3443 1275 3503 dorm.
1317 3438 1385 3501 Non
1406 3454 1502 3499 aretem
1517 3446 1622 3499 miram
1643 3436 1679 3517 σβ
1687 3481 1697 3509 ,
1711 3437 1744 3518 β
1750 3451 1837 3518 pater
1845 3453 1980 3519 precar-

326 3518 436 3583 charia
452 3519 513 3583 hoc
527 3518 573 3583 ita
586 3519 742 3603 loquitur:
766 3519 916 3599 Ζαχαρίας
926 3520 1014 3591 ἄλλος
1024 3516 1139 3599 στροφή-
1157 3518 1234 3599 soris
1253 3518 1384 3579 hahuerit
1401 3532 1518 3597 patrem
1541 3518 1730 3597 durachiam,
1742 3518 1819 3609 ficut
1842 3519 1882 3590 do·
1900 3522 1979 3596 iile,

326 3624 380 3677 aas
393 3599 549 3683 traditorie.
569 3592 686 3678 ἔτσςιῖν
699 3599 757 3675 ioht
770 3599 861 3665 Ιωδαὲ
876 3600 1056 3678 ethiopiae,
1081 3622 1138 3663 σα·
1166 3602 1216 3682 qai
1235 3602 1250 3659 i
1267 3600 1410 3660 duodecim
1430 3599 1578 3680 Prophetis
1600 3597 1656 3679 est,
1678 3600 1772 3683 (quin
1786 3599 1858 3661 addi
1875 3601 1981 3667 etiam

325 3679 380 3758 σὴρ
396 3675 429 3743 δὲ
441 3682 547 3747 sudosa
566 3684 620 3747 τσῦ
635 3685 801 3758 sanctorali
815 3726 825 3755 ,
845 3682 952 3744 τοῦτον
970 3680 1140 3745 ἀπέκτεινεν
1169 3676 1265 3763 posset
1279 3680 1409 3751 tertius,
1432 3678 1470 3740 de
1488 3699 1550 3763 quo
1566 3679 1618 3743 Es.
1630 3680 1658 3759 8,
1671 3691 1720 3760 2.)
1745 3681 1983 3765 Borathiefilias

327 3758 481 3840 ‘flooloeo
493 3762 651 3837 hrothade,
669 3764 802 3843 ἐχόμενα
815 3763 870 3844 tot}
886 3757 1073 3842 θνσιασσνρῖε
1089 3761 1141 3826 καὶ
1167 3762 1284 3821 dicitur.
1328 3758 1479 3841 Verifimile
1508 3763 1583 3822 enim
1602 3760 1658 3841 est,
1689 3763 1768 3842 qaod
1770 3761 1847 3843 ficut
1862 3764 1918 3845 ipfi
1930 3787 1983 3828 co·

326 3844 383 3907 νοῦ
398 3838 477 3907 citou
497 3840 603 3926 Κυρίου
623 3840 764 3923 ἐξεχέετν
779 3843 815 3908 ‘ti
834 3846 910 3919 otoo
926 3843 1020 3907 durati
1037 3848 1079 3914 εἰς
1097 3840 1139 3905 ‘tit
1163 3845 1310 3923 graminea
1319 3840 1464 3923 fueruat,
1484 3843 1530 3903 ita
1550 3842 1589 3913 (ν’
1597 3856 1700 3923 patres
1713 3842 1847 3923 ipfioram.
1885 3844 1983 3910 Idem

326 3924 450 4003 πρόθυρα
464 3924 519 3987 τσῦ
534 3926 604 3988 ναοῦ
620 3926 734 4004 Kopion.
774 3924 857 3984 Alias
870 3921 1046 3995 Zacharias,
1068 3921 1141 3984 Pro·
1168 3942 1205 3985 ex
1218 3922 1367 3984 sententia
1380 3921 1547 4005 Hippoliti
1559 3922 1741 4004 Martyrisa
1765 3923 1804 3986 ud
1813 3924 1984 4008 Nicepho-

276 4032 282 4043 ·
322 4004 414 4084 pheta
431 4001 470 4073 dr
484 4002 646 4075 Sacerdos,
674 4004 719 4066 hic
760 4005 893 4073 limeret
908 4000 1140 4082 JojodeSacer-
1170 4023 1236 4089 rum
1255 4003 1413 4077 traditur,
1448 4002 1522 4066 teste
1540 3998 1678 4068 Saui'tio.
1755 4024 1830 4067 ucat
1872 4007 1985 4072 uidem

325 4086 424 4157 Δια),
440 4098 546 4163 parem
559 4083 709 4163 Johamois
752 4086 814 4165 opti
838 4105 869 4146 a.
910 4085 986 4145 Eum
1002 4084 1140 4146 ReaHe·
1170 4083 1289 4167 Epiph.
1317 4084 1349 4147 d.
1371 4084 1394 4146 l.
1425 4083 1615 4149 Zachariam
1639 4084 1719 4148 hunc
1740 4026 1957 4156 filiumhuhae*
1973 4135 1985 4165 ,

326 4168 408 4228 rodes
430 4164 577 4245 interficia
592 4178 680 4244 prope
703 4186 788 4227 eram
808 4163 847 4233 oh
866 4165 980 4227 domum
1003 4164 1140 4237 Domini,
1171 4166 1254 4249 quod
1278 4185 1349 4228 cum
1374 4165 1434 4228 illo
1455 4164 1577 4229 Hieron
1599 4163 1644 4227 mi
1661 4166 1827 4240 conuenit,
1850 4169 1906 4253 qui
1920 4170 1984 4234 lib.

325 4246 495 4325 &satagaris
509 4245 567 4326 ejas
580 4246 756 4335 iauestihalo
771 4245 1027 4327 terapliDominici
1043 4241 1143 4328 σβιιβιι
1171 4271 1201 4329 4.
1222 4246 1254 4309 in
1273 4246 1394 4309 Matth.
1420 4265 1499 4309 tom.
1523 4267 1555 4330 9.
1576 4188 1623 4309 hol
1657 4263 1709 4332 34.
1749 4251 1785 4310 lo
1798 4250 1988 4333 Ertangeiio,

324 4326 374 4406 est.
400 4325 534 4389 Causam
549 4323 976 4408 occisionssTheophylailus
991 4324 1066 4390 dies.
1079 4327 1140 4390 loc.
1170 4326 1239 4401 ait,
1258 4349 1312 4409 qao
1335 4344 1460 4390 atomos·
1479 4329 1652 4407 Nazermi,
1665 4342 1721 4409 pro
1726 4329 1795 4411 filio
1809 4331 1963 4396 Barachie
1977 4379 1989 4411 ,

325 4407 373 4471 ita
396 4406 552 4489 exponit:
583 4408 682 4486 Λόγος
703 4405 769 4488 ἔχει
787 4405 954 4484 nathaheli
974 4408 1070 4488 ἡμῖν,
1096 4406 1142 4474 ὅτι
1162 4410 1261 4490 filiam
1283 4406 1399 4494 Jojado
1426 4411 1581 4491 reperimur
1591 4410 1748 4491 scriptam.
1789 4408 1852 4477 Sed
1877 4412 1993 4479 Theo-

325 4492 415 4561 νόσος
426 4512 471 4561 τις
484 4475 520 4567 ἦν
533 4490 565 4555 ἐν
579 4493 623 4566 τῷ
634 4489 710 4566 aad,
731 4491 762 4554 ἐν
776 4477 800 4565 d
815 4431 937 4553 βσανσν
955 4494 988 4554 al
1000 4489 1139 4570 rapiebat.
1171 4489 1212 4572 ph
1235 4487 1308 4580 lassi
1324 4489 1447 4563 verbis,
1469 4489 1673 4575 Euangelislae
1692 4493 1853 4568 consonis,
1875 4497 1994 4578 potior

325 4571 453 4639 iratius
468 4558 850 4653 Ζαχαριασὰρνρερεύςιῖν,
871 4568 1019 4650 adiuerit
1041 4571 1140 4637 rite·
1170 4593 1188 4634 a
1233 4569 1433 4634 ibendaesset
1450 4571 1538 4636 fides.
1580 4568 1656 4636 Hac
1669 4572 1708 4635 de
1721 4575 1995 4660 sententiaprima

327 4658 390 4717 atio
404 4652 455 4717 thu
473 4650 596 4732 Χριστὸν
609 4650 664 4729 τὴν
681 4651 811 4717 demittat
824 4645 946 4724 ἔστασεν
962 4654 993 4717 ἐν
1004 4653 1049 4730 σῷ
1060 4654 1140 4730 τόσῳ
1194 4674 1237 4717 ua
1251 4653 1290 4716 ab
1305 4650 1502 4735 Hieronymo
1516 4654 1549 4717 d.
1565 4654 1588 4716 l.
1605 4652 1684 4719 hanc
1698 4674 1838 4739 reportat
1846 4658 1993 4723 laudem:

328 4737 388 4797 aito
410 4729 560 4810 παρθένων.
588 4732 852 4810 ἀγανακτήσαντες
871 4724 904 4794 δὲ
928 4733 979 4796 tot
998 4732 1097 4811 τούτῳ
1116 4738 1144 4799 oi
1204 4744 1235 4795 oc
1256 4735 1325 4814 qaia
1345 4736 1380 4792 de
1397 4733 1569 4813 Scriptura,
1590 4756 1647 4798 aon
1661 4737 1747 4799 hahet
1759 4741 1995 4818 aadoritatem,

325 4810 437 4876 lahaim
445 4853 456 4883 ,
477 4811 650 4879 ἀπέκτειναν
660 4815 769 4892 doeio,
787 4814 822 4886 ior
833 4811 918 4892 petit
929 4819 989 4877 τῶν
1001 4815 1141 4892 παρθένων
1171 4815 1268 4876 eidem
1271 4814 1427 4893 facilitate
1441 4819 1649 4897 contemnitur,
1668 4840 1727 4900 qao
1740 4821 1895 4899 probator.

328 4888 467 4974 τάξαντα
486 4901 612 4972 metina
627 4896 841 4975 γεννήσασιν..
861 4892 910 4957 Sir
928 4893 1015 4958 hahet
1032 4915 1139 4959 norra-
1213 4917 1244 4962 α.
1276 4894 1415 4979 Quidam
1448 4896 1638 4991 Zachariam
1656 4941 1668 4975 ,
1699 4899 1781 4964 inter
1801 4902 1884 4972 ΧΠ.
1909 4901 1998 4970 Pro·

1877 4983 2002 5069 phetas
